2912 4368
1123 844 1403 882 -19—

512 960 597 1000 vita
626 956 893 999 abiudicabo.
958 954 1050 996 Aul.
1089 957 1177 994 188.
1227 954 1342 993 Anus
1373 953 1515 993 hercle
1548 952 1647 993 huic
1679 952 1883 993 indicium
1919 951 2018 992 fecit

513 1039 563 1079 de
598 1052 702 1079 auro
820 1036 927 1086 Quoi
972 1048 1048 1087 ego
1089 1034 1174 1074 iam
1208 1032 1397 1086 linguam
1427 1032 1675 1085 praecidam
1708 1035 1837 1084 atque
1871 1031 2016 1072 oculos

513 1118 711 1159 effodiam
744 1115 868 1156 domi.
929 1114 1030 1155 ibid.
1065 1117 1157 1155 573.
1220 1113 1309 1165 Ego
1342 1116 1383 1152 te
1412 1111 1537 1152 hodie
1567 1111 1743 1152 reddam
1776 1110 2016 1161 madidum3

513 1199 546 1238 si
579 1197 671 1237 vivo
708 1194 853 1249 probe.
914 1193 1016 1235 ibid.
1052 1198 1143 1235 6:59.
1204 1193 1295 1233 Iam
1335 1192 1658 1244 interstringam
1701 1191 1855 1244 gulam.
1916 1190 2014 1231 ibid.

514 1280 604 1317 712.
667 1275 808 1316 Attat:
855 1288 999 1314 eccum
1031 1274 1192 1326 ipsum:
1224 1286 1300 1325 ego
1334 1271 1416 1322 ibo7
1450 1275 1497 1312 ut
1528 1286 1594 1313 me
1620 1271 1800 1313 condam
1833 1270 2016 1311 domum.

511 1355 611 1396 ibid.
657 1358 748 1396 759.
821 1355 908 1394 Iam
965 1353 1136 1406 quidem
1184 1351 1327 1393 hercle
1366 1355 1407 1392 te
1448 1351 1502 1392 ad
1551 1354 1796 1405 praetorem
1839 1350 2015 1403 rapiam.

511 1434 611 1476 ibid.
648 1438 740 1476 673.
802 1434 891 1474 Iam
937 1447 1014 1486 ego
1059 1432 1159 1473 illuc
1191 1445 1470 1485 praecurram
1502 1434 1631 1484 atque
1663 1430 1910 1471 inscendam
1942 1430 2017 1470 ali-

514 1528 644 1568 quam
674 1514 716 1554 111
750 1513 958 1554 arborem.
1019 1512 1174 1553 Bacch.
1215 1516 1279 1554 94.
1340 1511 1430 1564 Ego
1464 1511 1600 1551 sorori
1641 1524 1761 1551 meae
1791 1510 1918 1550 hodie
1952 1524 2017 1550 ce-

513 1609 610 1634 nam
640 1593 742 1634 dare
770 1593 864 1634 volo
889 1592 1112 1633 viaticam:
1144 1592 1205 1632 Eo
1238 1591 1317 1632 tibi
1340 1594 1564 1644 argentum
1595 1590 1755 1631 iubebo
1789 1590 1873 1630 iam
1904 1590 2018 1630 intus

514 1673 667 1715 ecferri
698 1672 825 1714 foras.
879 1671 1034 1712 Bacch.
1071 1675 1163 1713 357.
1212 1672 1325 1721 Quas
1358 1684 1435 1723 ego
1466 1670 1536 1711 1110
1557 1670 1709 1711 turbas
1742 1668 1866 1710 dabo.
1915 1668 2016 1709 ibid.

514 1757 605 1794 701.
677 1753 914 1804 Emungam
959 1750 1103 1792 hercle
1143 1750 1357 1791 hominem
1397 1750 1531 1803 probe
1569 1750 1708 1791 hodie.
1778 1748 1879 1789 ibid.
1924 1752 2016 1790 766.

512 1832 709 1873 Dorsabo
743 1845 820 1885 ego
852 1831 982 1872 illunc
1011 1830 1159 1881 hodie,
1205 1830 1240 1871 si
1270 1830 1385 1880 vivo,
1430 1830 1576 1883 probe.
1636 1829 1737 1870 ibid.
1785 1832 1903 1870 1172.
1964 1828 2018 1868 Ni

513 1912 655 1962 abeas,
688 1925 948 1964 quamquam
980 1914 1027 1952 tu
1059 1910 1219 1961 bellas,
1247 1910 1406 1951 malum
1437 1909 1514 1950 tibi
1542 1923 1743 1962 magnum
1776 1909 1887 1950 dabo
1920 1909 2016 1949 iam.

513 1992 592 2033 Cas
627 1995 718 2033 536.
780 1991 870 2032 Iam
899 1991 978 2032 tibi
1010 1991 1120 2031 istuc
1153 1990 1375 2031 cerebrum
1406 1989 1725 2042 dispercutiam.
1787 1988 1888 2029 ibid.
1923 1992 2016 2029 300.

511 2071 605 2112 Hac
635 2070 746 2112 dabo
778 2071 993 2124 protinam
1034 2084 1100 2111 me
1142 2073 1184 2110 et
1222 2069 1393 2122 fugiam.
1455 2069 1574 2110 Cure.
1622 2073 1712 2110 138.
1773 2069 1835 2109 Tu
1868 2072 2016 2108 curato

512 2165 578 2192 me
611 2165 662 2191 ne
695 2151 857 2192 sitiam:
891 2164 968 2203 ego
998 2150 1077 2191 tibi
1109 2150 1223 2203 quod
1251 2164 1369 2190 amas
1398 2150 1483 2190 iam
1515 2148 1598 2190 11110
1632 2148 1855 2189 adducam.
1907 2147 2016 2188 Men.

517 2234 606 2271 174.
669 2230 783 2271 Mitti
820 2229 899 2271 tibi
941 2233 1070 2282 atque
1113 2229 1173 2270 illi
1215 2229 1371 2271 iubebo
1411 2229 1496 2269 iam
1537 2228 1740 2282 adparari
1775 2227 2015 2281 prandium.

514 2309 617 2350 ibid.
662 2313 755 2350 431.
816 2310 906 2350 Iam
948 2323 1104 2362 sequar
1144 2313 1196 2350 te.
1257 2308 1358 2349 ibid.
1402 2312 1494 2351 720.
1556 2308 1619 2349 Ne
1660 2309 1770 2349 istuc
1805 2311 2018 2348 mecastor

515 2390 600 2429 iam
631 2393 797 2443 patrem
831 2403 1047 2430 accersam
1078 2403 1230 2429 meum.
1283 2388 1383 2429 ibid.
1422 2392 1513 2429 754.
1565 2387 1756 2429 Gradum
1787 2387 2016 2441 proferam,

512 2469 752 2522 progrediri
783 2468 1040 2523 properabo.
1100 2468 1201 2509 ibid.
1246 2472 1339 2509 544.
1400 2468 1502 2519 Ibo,
1536 2467 1769 2517 adducam,
1803 2467 1875 2520 qui
1906 2467 2018 2507 1111110

511 2548 609 2589 111110
648 2548 812 2589 tollant.
881 2548 982 2589 ibid.
1026 2552 1118 2589 666.
1179 2547 1426 2601 Properabo
1468 2548 1522 2589 ad
1563 2547 1714 2588 forum.
1775 2546 1875 2588 ibid.
1920 2551 2014 2588 875.

510 2627 585 2668 Ibo
630 2632 758 2681 atque
799 2642 1019 2669 accersam
1059 2627 1271 2669 medicum
1312 2628 1396 2668 iam
1442 2631 1649 2681 quantum
1692 2630 1845 2680 potest.
1913 2626 2015 2667 ibid.

514 2712 606 2749 903.
668 2709 801 2758 Quem
835 2722 911 2761 ego
953 2708 1096 2749 hercle
1128 2708 1364 2757 hominem,
1398 2708 1431 2748 si
1465 2707 1636 2760 quidem
1669 2708 1780 2757 vivo,
1813 2706 1900 2747 vita
1931 2707 2014 2747 iam

514 2787 704 2828 evolvam
753 2802 840 2829 sua.
910 2788 1011 2828 ibid.
1058 2791 1176 2829 1037.
1245 2787 1294 2827 Id
1334 2801 1410 2840 ego
1452 2787 1531 2828 tibi
1571 2787 1656 2827 iam
1690 2786 1773 2827 11110
1811 2786 2015 2827 adferam.

514 2866 600 2907 Mil.
635 2870 725 2908 537.
775 2867 958 2909 Pulchre
997 2867 1267 2908 admonuisti.
1315 2867 1400 2908 iam
1443 2880 1520 2920 ego
1564 2866 1618 2907 ad
1659 2870 1699 2907 te
1733 2866 1856 2907 exibo
1888 2865 2015 2906 foras.

513 2945 614 2987 ibid.
661 2950 779 2988 1353.
840 2947 905 2988 Ito
947 2947 1052 2988 cito:
1095 2947 1180 2988 iam
1223 2960 1299 3000 ego
1345 2946 1560 3000 adsequar
1599 2960 1684 2987 vos.
1746 2946 1847 2987 ibid.
1896 2949 2015 2985 1370.

516 3026 605 3078 Ego
640 3025 812 3066 iamiam
855 3041 1084 3068 convenam
1117 3027 1249 3067 illunc
1278 3027 1357 3080 (ita
1385 3026 1675 3079 Ritschelius).
1736 3025 1859 3066 Most.
1896 3029 2015 3066 1114.

513 3105 601 3145 Iam
642 3106 781 3158 ignem
826 3109 867 3146 et
906 3120 1075 3147 sarmen
1114 3106 1193 3147 tibi
1232 3106 1387 3147 iubebo
1429 3105 1696 3147 circumdari.
1759 3105 1889 3145 Persa
1923 3108 2015 3145 324.

514 3185 652 3237 Atque
685 3198 806 3225 omne
846 3199 922 3238 ego
955 3189 1179 3239 argentum
1210 3186 1290 3227 tibi
1324 3186 1405 3227 1100
1438 3189 1629 3227 actutum
1662 3185 1872 3225 incolume
1904 3184 2016 3224 redi-

513 3278 620 3317 gam.
681 3264 782 3305 ibid.
815 3269 907 3306 405.
969 3266 1125 3306 Curate
1156 3266 1227 3306 isti
1258 3265 1393 3307 intus:
1426 3266 1509 3306 iam
1548 3278 1625 3317 ego
1651 3264 1821 3305 domum
1852 3278 1917 3305 me
1950 3278 2014 3304 re-
