1862 3010
801 190 1080 228 „20—

185 302 353 356 cipiam.
413 300 515 342 ibid.
548 304 641 342 609.
701 299 896 341 Concede
924 299 1055 341 istuc:
1087 299 1173 340 iam
1205 313 1283 352 ego
1314 299 1432 340 illam
1463 299 1689 341 adducam.

186 381 288 423 ibid.
322 385 415 423 794.
477 381 533 422 At
562 379 644 421 tibi
676 392 754 433 ego
788 379 988 421 continuo
1031 378 1185 434 cyatho
1216 378 1387 421 oculum
1416 378 1499 420 hoc
1530 379 1692 420 excuti-

187 476 256 504 am
299 464 430 502 tuum.
492 460 619 502 Poen.
651 463 746 501 494.
807 458 1008 512 Colaphis
1050 458 1223 512 quidem
1261 458 1406 500 hercle
1447 462 1567 500 tuom
1608 459 1695 500 iam

187 540 364 582 dilidam
408 542 549 594 caput.
619 538 722 581 ibid.
767 541 888 580 1152.
958 539 1073 589 Quos
1116 551 1194 591 ego
1236 538 1321 579 iam
1373 537 1600 580 detrudam
1640 538 1696 579 ad

187 621 333 663 molas.
393 619 495 662 ibid.
541 621 662 661 1302.
732 618 825 660 Iam
864 617 1009 659 hercle
1061 631 1139 672 ego
1186 617 1318 659 illunc
1359 618 1694 660 excruciandum

190 704 330 743 totum
373 698 579 741 carnufici
616 697 742 740 dabo.
807 698 873 740 Ps.
918 701 1010 740 358.
1078 698 1323 751 Numquam
1361 697 1417 739 ad
1451 700 1697 751 praetorem

193 794 331 835 aeque
364 779 521 822 cursim
560 792 741 821 curram.
801 777 904 820 ibid.
947 780 1041 819 382.
1101 776 1324 818 Exossabo
1365 790 1444 830 ego
1485 776 1605 818 illum
1643 778 1698 819 si-

191 860 349 903 multer
378 859 528 902 itidem
558 862 608 900 ut
636 871 887 900 muraenam
912 870 1083 910 coquos.
1143 856 1245 898 ibid.
1279 859 1373 899 200.
1432 856 1541 898 Item
1571 856 1699 899 hodie

192 940 484 993 constringam
526 939 581 981 ad
623 937 879 980 carnarium.
939 936 1042 978 ibid.
1086 939 1206 979 1159.
1274 936 1366 978 Iam
1409 939 1605 978 revortar
1644 936 1700 978 ad

191 1024 246 1063 te.
307 1019 415 1062 Rud.
448 1022 543 1062 447.
603 1018 660 1060 Et
687 1021 764 1060 tua
795 1020 839 1058 et
859 1020 936 1059 tua
964 1016 1049 1058 huc
1072 1019 1251 1058 ornatus
1274 1016 1492 1058 reveniam
1524 1029 1576 1057 ex
1606 1029 1700 1057 sen-

190 1100 340 1143 tentia.
399 1098 502 1141 ibid.
539 1101 634 1141 457.
696 1095 947 1151 Confugiam
977 1096 1100 1138 hinc:
1141 1096 1205 1137 ita
1234 1109 1303 1137 res
1334 1096 1526 1150 suppetit
1557 1095 1699 1138 subito

192 1180 346 1236 [mihi].
406 1177 509 1220 ibid.
544 1181 636 1220 784.
698 1177 761 1219 De
793 1190 874 1218 ava
897 1176 1052 1230 capillo
1071 1176 1157 1218 iam
1189 1175 1411 1230 deripiam.
1471 1175 1573 1218 ibid.
1606 1179 1701 1218 859.

192 1261 284 1314 Ego
333 1259 448 1302 hunc
491 1258 721 1301 scelestum
762 1257 929 1311 rapiam
968 1256 1092 1312 [iam]
1140 1256 1183 1298 in
1221 1256 1287 1298 ius
1327 1255 1529 1298 exsulem.
1600 1255 1702 1297 ibid.

194 1344 288 1383 936.
348 1353 462 1381 nunc
497 1338 610 1380 hanc
643 1337 887 1392 [praedam]
928 1336 1121 1378 condam.
1182 1336 1306 1377 Truc.
1346 1338 1441 1377 443.
1500 1335 1593 1377 Iam
1631 1334 1703 1377 ibo

195 1435 247 1463 ex
281 1419 364 1462 hoc
394 1418 503 1470 1000,
533 1417 692 1460 iubebo
722 1416 777 1459 ad
797 1417 924 1459 istam
1039 1415 1209 1458 deferri.
1254 1415 1346 1457 ibid
1370 1419 1463 1457 613.
1514 1414 1704 1457 Verbum

196 1499 321 1552 adde,
353 1499 438 1542 iam
466 1497 612 1541 hercle
643 1510 721 1551 ego
760 1501 804 1539 te
835 1496 1000 1538 offatim
1033 1495 1267 1538 conficiam.
1328 1494 1430 1538 ibid.
1462 1498 1555 1537 614.
1613 1494 1706 1536 Iam

192 1581 263 1622 hic
280 1593 360 1634 ego
382 1579 456 1621 ted
477 1591 635 1632 agnum
655 1577 812 1620 faciam
835 1580 878 1618 et
897 1575 1085 1618 medium
1109 1574 1399 1617 distruncabo.
1414 1574 1547 1616 -Ex
1576 1576 1701 1617 tanto

198 1659 492 1715 exemplorum
523 1661 599 1700 aut
620 1657 902 1712 persimilium
931 1659 1007 1698 aut
1036 1669 1120 1697 non
1138 1656 1201 1697 ita
1226 1655 1497 1697 dissimilium
1529 1668 1707 1697 numero

201 1755 299 1783 cum
330 1741 545 1794 appareat
575 1737 779 1791 simplicis
808 1736 942 1778 futuri
985 1736 1068 1777 vim
1099 1735 1142 1776 in
1173 1735 1256 1776 hac
1285 1749 1332 1777 re
1362 1735 1488 1788 longe
1518 1734 1708 1776 usitatis-

204 1821 358 1862 simam
387 1833 498 1870 esse,
534 1831 618 1860 non
648 1817 793 1871 inepte
823 1816 1036 1870 quispiam
1068 1814 1296 1858 concludat
1327 1815 1457 1856 etiam
1486 1814 1530 1855 in
1559 1813 1709 1868 paucis

203 1901 286 1942 illis
317 1899 523 1953 exemplis
552 1897 838 1951 Madvigianis
871 1896 1050 1938 eandem
1081 1896 1163 1937 vim
1197 1909 1290 1937 esse
1323 1893 1608 1936 statuendam.

314 1978 616 2022 Secundum
646 1976 851 2030 Madvigii
891 1989 1065 2030 genus
1107 1978 1304 2017 versatur
1344 1975 1386 2015 in
1430 1972 1635 2027 exemplis
1665 1973 1708 2013 in

203 2060 359 2115 quibus
392 2059 597 2101 ‘futurum
629 2056 840 2100 exactum'
881 2055 1143 2098 transfertur
1175 2054 1230 2096 ad
1258 2052 1583 2108 significandam
1614 2067 1705 2094 rem

201 2155 285 2182 non
315 2140 359 2181 in
390 2139 528 2181 altera
559 2137 790 2188 inclusam,
837 2136 913 2178 sed
942 2149 1052 2189 quae
1084 2148 1161 2189 per
1191 2149 1236 2176 se
1268 2133 1395 2176 simul
1424 2133 1518 2174 fieri
1548 2133 1710 2186 possit3

200 2220 283 2262 hoc
308 2233 440 2273 genus
462 2218 664 2272 frequens
687 2231 780 2259 esse
799 2216 844 2258 in
863 2215 1079 2270 particula
1109 2213 1297 2256 ‘eadem'.
1344 2212 1555 2266 Exempla
1585 2215 1709 2254 sunt:

205 2303 269 2341 11.
325 2303 388 2341 17.
437 2302 502 2341 48.
559 2301 624 2339 62.
694 2296 799 2338 Cum
847 2295 1002 2349 quibus
1049 2295 1154 2336 locis
1204 2292 1451 2336 conferendi
1505 2294 1605 2333 sunt
1642 2290 1709 2332 hi:

204 2378 361 2421 Bacch.
407 2381 500 2420 521.
562 2376 724 2419 Eadem
766 2375 976 2426 exorabo,
1018 2373 1242 2428 Chrysalo,
1285 2386 1416 2414 causa
1448 2385 1544 2413 mea
1582 2372 1712 2413 Pater

203 2473 255 2501 ne
292 2461 456 2500 noceat.
527 2457 646 2511 Capt.
690 2460 785 2499 450.
858 2455 1020 2497 Eadem
1061 2467 1194 2508 opera
1237 2467 1262 2494 a
1302 2455 1504 2506 praetore
1545 2464 1711 2493 sumam

204 2537 508 2593 syngraphum.
579 2537 681 2579 ibid.
724 2539 818 2578 459.
888 2534 1050 2576 Eadem
1093 2531 1405 2587 percontabor.
1438 2531 1560 2584 ecqui
1597 2530 1711 2572 hunc

205 2619 523 2663 adulescentem
562 2616 740 2659 noverit.
802 2615 924 2674 Epid.
968 2618 1060 2657 663.
1120 2612 1282 2658 Eadem
1322 2612 1430 2657 haec
1468 2611 1581 2653 intus
1611 2609 1710 2651 edo*
