1862 3010
736 194 1022 233 —15-

127 311 242 352 Trin.
275 313 369 352 625.
404 311 525 350 1007.
558 306 792 348 celeritatis
822 304 994 346 notione
1024 304 1212 357 insignes
1242 317 1335 345 esse
1372 303 1497 353 dicit,
1536 316 1632 344 cum

128 390 369 444 Madvigius
400 388 526 429 aliter
561 385 806 428 iudicasset.
852 384 1058 426 Similiter
1081 384 1158 437 Ep.
1195 386 1288 425 512.
1329 384 1420 437 (29)
1447 386 1490 424 et
1520 382 1634 423 Trin.

130 475 224 513 655.
256 470 347 524 (81)
381 467 433 509 de
465 466 686 508 celeritate
719 465 882 519 cogitat
911 463 1251 514 Lindemannus‚
1290 462 1365 504 ubi
1396 461 1637 516 Madvigius

130 563 224 592 eam
263 547 440 602 respuit.
501 547 642 600 Atque
683 544 904 587 fatendum
943 547 1009 585 est
1057 556 1142 584 non
1183 556 1269 584 uno
1310 542 1405 583 loco
1448 541 1638 583 dubitari

128 642 267 684 posse,
298 627 426 682 quale
460 625 703 681 explicandi
746 638 879 679 genus
908 622 1131 665 adhibeas.
1184 622 1262 664 Sic
1294 626 1317 663 ὃ
1350 625 1527 676 quarto,
1571 624 1637 672 23,

131 713 197 761 24,
229 711 294 760 36,
326 710 379 750 43
418 707 567 761 quinto
608 705 754 759 generi
783 704 976 746 tribuere
1015 703 1176 757 possis,
1217 716 1327 756 quae
1355 702 1536 756 septimo
1564 700 1639 742 ad-

131 789 273 842 signat
302 786 543 841 Madvigius
580 789 623 827 et
653 788 733 837 44„
766 783 881 839 quod
909 783 981 825 ille
1021 783 1140 825 tertii
1170 782 1338 836 generis
1370 795 1464 824 esse
1493 781 1639 832 voluit,

130 868 256 910 facile
288 870 410 910 sexto
441 866 629 908 addicas.
689 865 843 919 Itaque
870 877 954 906 non
981 862 1225 904 mirandum
1256 865 1333 913 est,
1364 861 1480 916 quod
1509 861 1641 903 semel

131 947 372 1002 Madvigius
404 947 496 1001 ipse
528 948 679 987 contra
709 958 755 986 se
795 943 900 986 facit
930 942 1126 997 exemplo
1160 946 1213 984 54
1244 945 1287 983 et
1317 942 1466 996 quinto
1496 940 1642 995 generi

133 1032 177 1070 et
215 1028 396 1082 septimo
429 1025 668 1079 adsignato.
730 1024 814 1066 Sed
844 1027 943 1066 utut
973 1023 1025 1065 de
1055 1022 1233 1077 singulis
1263 1021 1497 1073 iudicabis,
1530 1021 1642 1062 ratio

132 1108 334 1150 universa
364 1107 446 1149 hac
476 1105 851 1159 argumentatione
880 1117 965 1146 non
999 1104 1190 1146 diluitur.

841 1300 933 1355 §4

249 1426 444 1470 Vidimus
486 1425 619 1480 igitur
659 1438 711 1466 ex
750 1423 955 1477 Madvigii
1006 1423 1174 1465 ratione
1212 1422 1385 1464 circiter
1427 1425 1479 1464 35
1527 1422 1645 1464 locos

136 1507 340 1562 simplicis
391 1506 524 1548 futuri
571 1506 656 1548 vim
699 1504 873 1547 habere.
944 1503 1067 1555 Quod
1116 1503 1230 1545 idem
1280 1503 1386 1545 dicit
1429 1506 1646 1545 sextum

137 1601 308 1642 genus
340 1600 434 1628 sese
463 1586 648 1627 fortasse
676 1584 837 1627 rectius
869 1583 1142 1626 exclusurum
1173 1583 1317 1636 fuisse,
1356 1583 1463 1625 illud
1498 1583 1646 1624 certis-

143 1667 296 1709 simum
328 1679 421 1708 esse
447 1665 603 1708 iudico.
664 1658 910 1717 Quis'enim
949 1663 1032 1706 sibi
1061 1663 1343 1718 persuadebit
1372 1664 1415 1705 in
1445 1663 1512 1705 his
1542 1663 1648 1706 Poe-

138 1746 228 1789 nuli
259 1745 478 1788 versibus:
522 1748 579 1787 ‘Si
608 1747 923 1797 respondebunt,
955 1747 1111 1786 Punice
1133 1758 1311 1797 perqam
1343 1747 1464 1795 loqui,
1495 1746 1540 1785 Si
1569 1757 1647 1784 non

138 1831 219 1877 (sc.
252 1828 580 1878 respondebunt)
611 1833 690 1867 tum
728 1829 785 1867 ad
813 1828 955 1866 horum
985 1838 1116 1865 mores
1147 1827 1326 1876 linquam
1363 1827 1538 1865 vortero’
1568 1822 1648 1865 dif-

142 1907 370 1948 ferentiam
412 1919 505 1947 esse
545 1906 658 1947 inter
689 1919 866 1957 per-qam
915 1907 1023 1956 loqui
1064 1904 1256 1947 futurum
1300 1907 1430 1958 atque
1471 1907 1649 1956 linquam

140 1993 301 2028 vortero
331 1986 524 2028 futurum
555 1985 787 2027 exactum?
832 1984 996 2027 Eodem
1016 1983 1200 2026 artificio
1222 1998 1325 2026 usus
1352 1983 1424 2026 ille
1454 1987 1505 2026 33
1537 1987 1650 2025 trac-

141 2070 227 2119 tat3
267 2066 338 2109 vix
377 2065 489 2108 enim
530 2065 648 2108 dicas
682 2065 786 2120 quid
815 2064 987 2107 intersit
1025 2064 1139 2106 inter
1184 2070 1288 2116 ‘post
1324 2077 1398 2116 eqo
1427 2066 1650 2106 reddidero

144 2149 225 2188 tibi’
257 2149 300 2188 et
330 2152 417 2198 ‘eqo
446 2152 544 2197 post
574 2148 645 2187 tibi
673 2149 859 2187 reddam'
889 2158 1016 2186 versu
1049 2143 1350 2198 subsequenti,
1392 2142 1650 2198 praesertim

144 2238 240 2267 cum
270 2225 589 2268 enuntiatorum
620 2224 901 2267 conformatio
933 2227 1023 2266 tam
1054 2224 1203 2266 similis
1234 2224 1305 2276 sit,
1339 2237 1468 2278 quam
1496 2226 1651 2278 potest.

145 2305 208 2346 De
238 2305 369 2347 tertio
400 2305 595 2360 exemplo
628 2306 731 2360 (50).
763 2305 848 2347 iam
879 2304 1112 2347 Lorenzius
1144 2304 1370 2346 sanissimo
1399 2303 1558 2346 iudicio
1589 2303 1653 2344 iu-

146 2383 315 2426 dicavit.
387 2384 497 2426 Nam
545 2385 750 2439 permulti
792 2398 940 2427 versus
993 2387 1093 2426 sunt
1132 2384 1208 2426 ubi
1243 2383 1423 2438 simplex
1460 2383 1652 2425 futurum

147 2474 324 2518 prorsus
354 2464 450 2518 pari
468 2478 595 2507 sensu
615 2465 804 2519 positum
825 2465 897 2517 sit3
928 2467 977 2506 ut
1002 2464 1098 2506 loco
1129 2463 1256 2505 modo
1287 2466 1488 2514 tractato,
1523 2476 1653 2517 porro

147 2543 269 2585 Curc.
315 2546 394 2585 138
424 2543 488 2586 Tu
609 2551 752 2586 curato
778 2577 813 2586 ..
846 2557 923 2598 ego
961 2543 1042 2586 tibi
1076 2544 1163 2585 iam
1194 2547 1394 2585 adducam
1436 2542 1527 2584 ibid
1558 2546 1653 2584 454.

149 2626 327 2674 Sequere
357 2622 515 2664 hac
540 2626 582 2664 te
600 2626 812 2666 absolvam.
859 2624 968 2665 Men.
1002 2627 1122 2665 1106.
1156 2627 1271 2675 Roya
1389 2625 1653 2673 respondebo.
