1862 3010
774 223 1057 260 ,27-

162 340 337 378 terram.
397 336 509 376 Trin.
542 337 623 375 463
657 348 718 387 sp.
780 333 961 375 Oculum
1002 347 1080 387 ego
1123 334 1333 376 ecfodiam
1363 335 1461 386 tibi,
1508 336 1543 377 si
1575 350 1668 377 ver·

162 416 264 459 bum
307 417 531 457 addideris.
592 413 700 455 Rud.
747 416 864 454 1401.
927 413 1185 467 Vapulabis‚
1233 414 1411 456 verbum
1455 416 1490 456 si
1539 419 1667 456 addes

162 510 304 537 unum.
333 519 388 525 —-

277 574 413 615 Aliter
441 576 704 626 comparata,
737 586 997 625 quamquam
1022 573 1121 613 hinc
1143 587 1227 615 non
1249 573 1401 624 aliena,
1433 579 1531 616 sunt
1561 575 1669 617 haec

162 653 382 707 exempla:
444 653 570 693 Poen.
603 655 696 694 907.
757 651 960 693 Profecto
992 652 1046 693 ad
1076 653 1232 694 incitas
1260 653 1456 695 lenonem
1490 655 1669 709 rediget,

166 733 201 775 si
233 746 305 774 eas
337 735 567 774 abduxerit.
628 731 741 773 Trin.
774 735 868 773 371.
929 733 994 772 An
1032 746 1081 773 eo
1113 736 1348 786 egestatem
1381 734 1419 775 ei
1449 734 1669 787 tolerabis,

163 813 199 854 si
241 812 345 866 quid
387 812 441 853 ab
486 811 559 853 illo
602 815 842 863 acceperis?
901 811 994 853 Cas.
1038 816 1132 854 284.
1183 812 1320 854 Credo
1358 813 1502 855 hercle
1543 813 1670 856 hodie

163 891 385 934 devotabit
424 892 550 932 sortis
598 891 634 932 si
682 895 874 943 attiqere't.
939 891 1024 933 Mil.
1068 895 1161 933 306.
1222 892 1346 934 Nunc
1388 893 1422 934 si
1466 893 1671 935 indicium

163 971 297 1021 facio,
340 971 506 1022 interii,
548 971 582 1012 si
613 975 737 1012 taceo
767 971 911 1012 interii
958 976 1125 1023 tamen,
1170 971 1214 1012 Si
1244 972 1326 1013 hoc
1356 973 1499 1026 palam
1524 976 1669 1024 fuerit.

164 1050 257 1092 Cas.
291 1054 385 1093 846.
446 1050 604 1092 Verum
632 1051 705 1103 qui
736 1064 820 1092 non
857 1051 1055 1093 manibus
1100 1051 1238 1102 clare,
1280 1056 1538 1105 quantum
1577 1066 1671 1107 po-

164 1130 327 1181 terit,
351 1133 570 1181 plauserit,
602 1129 653 1171 Ei
685 1144 764 1184 pro
796 1135 939 1172 scorto
966 1135 1230 1185 supponetur
1252 1132 1366 1173 ircus
1387 1136 1541 1174 unctus
1566 1146 1668 1174 nau·

163 1213 246 1251 tea.
290 1210 404 1250 Trin.
422 1212 516 1251 423.
560 1209 690 1251 Pater
714 1223 841 1263 quom
862 1224 1043 1264 peregre
1075 1211 1228 1261 veniet,
1259 1212 1302 1252 in
1332 1215 1502 1266 portast
1530 1212 1671 1253 locus:

165 1288 260 1330 Nisi
288 1288 400 1330 forte
431 1289 474 1330 in
504 1293 695 1331 ventrem
724 1289 812 1331 filio
844 1294 1111 1341 conrepsere't.

282 1369 331 1409 In
366 1367 583 1422 plerisque
613 1368 766 1410 horum
798 1369 1093 1423 exemplorum
1124 1371 1218 1412 fieri
1247 1371 1317 1412 vix
1346 1374 1510 1424 potest⁷
1541 1375 1590 1412 ut
1620 1370 1672 1413 de

165 1447 350 1489 relativa
369 1447 505 1490 futuri
521 1448 662 1490 exacti
679 1449 718 1490 vi
742 1449 914 1503 cogites,
946 1463 1043 1491 cum
1061 1454 1137 1491 aut
1162 1464 1187 1491 a
1203 1450 1370 1491 oristi
1402 1464 1423 1491 c
1438 1451 1672 1492 oniunc-

164 1528 269 1569 tivi
304 1530 395 1568 aut
435 1528 714 1581 simplicis
755 1528 937 1569 futuri
984 1529 1069 1570 vis
1106 1530 1361 1583 postuletur.
1421 1530 1505 1572 Sed
1536 1534 1673 1572 totam

165 1605 277 1648 hanc
312 1607 607 1660 quaestionem
637 1609 882 1649 accuratius
915 1608 1190 1650 tractandam
1222 1623 1313 1651 esse
1345 1609 1549 1651 intellexi.
