1862 3010
804 203 1059 241 -5-

179 316 262 357 CH.
291 320 522 357 Accessero.
545 339 594 343 —
616 317 678 354 15.
709 316 804 354 ibid.
822 316 951 354 1066.
985 312 1112 363 Cedo,
1139 314 1174 353 si
1194 317 1421 354 necessest.
1454 313 1566 354 Cura
1590 313 1682 354 1100.

178 396 283 436 iam
315 408 392 447 ego
433 393 534 434 huo
564 406 771 434 revenero.
802 416 857 422 —
894 396 955 433 16.
995 395 1107 443 Capi.
1142 395 1239 434 192.
1281 392 1378 433 Ibo
1407 393 1520 434 intro
1553 396 1684 446 atque

177 475 291 515 intus
322 472 631 515 subducam
660 472 961 523 ratiunculam,
994 471 1260 522 Quantillum
1291 472 1459 525 argenti
1490 473 1547 513 mi
1579 477 1686 527 aput

177 554 451 608 tarpessitam
483 552 575 595 siet.
635 552 701 594 Ad
731 552 922 603 fratrem,
955 565 1039 605 quo
1069 551 1132 593 ire
1164 551 1377 603 dixeram,
1409 565 1528 594 mox
1560 556 1682 594 ivero.

177 636 281 689 (iero
313 633 452 687 codd).
474 658 530 663 —
551 636 613 674 17.
639 635 732 674 ibid.
766 634 862 673 293.
897 631 1086 685 Sequere
1106 631 1189 673 hac
1219 645 1286 673 me
1317 631 1460 686 igitur,
1493 632 1682 674 eadem

178 727 255 768 ego
288 728 339 755 ex
371 713 453 754 hoc
484 726 594 766 quae
627 711 722 753 volo
755 715 1024 763 exquisivero.
1056 736 1112 742 ——
1141 715 1206 754 18.
1238 714 1333 754 ibid.
1365 715 1468 754 340.
1512 712 1683 763 Verum,

177 797 219 835 te
251 807 423 848 quaeso,
458 795 746 834 aestumatum
776 791 890 833 hunc
919 791 1024 832 mihi
1055 791 1141 843 des,
1175 805 1301 845 quem
1331 791 1500 833 mittam
1525 791 1581 833 ad
1607 806 1684 846 pa-

175 878 301 925 trem,
344 873 403 914 Ut
434 873 470 914 is
500 872 627 914 homo
658 871 897 913 redimatur
927 871 1000 913 illi.
1061 871 1151 914 HE.
1189 872 1322 912 Immo
1366 871 1501 913 alium
1539 872 1684 926 potius

173 957 319 995 misero
350 953 477 1004 Hinc,
520 952 594 994 ubi
626 955 752 993 erunt
779 951 983 993 indutiae.
1015 976 1072 982 —
1106 955 1168 994 19.
1202 954 1297 993 ibid.
1333 954 1433 993 494.
1494 952 1536 993 Is
1569 951 1682 993 diem

176 1034 337 1084 dicam,
396 1031 605 1086 inrogabo
668 1031 871 1081 multam,
933 1035 982 1073 ut
1036 1031 1142 1072 mihi
1202 1045 1329 1073 cenas
1384 1031 1532 1073 decem
1587 1031 1682 1073 Meo

177 1112 392 1155 arbitratu
422 1111 535 1163 dent,
565 1125 692 1166 quom
721 1125 822 1153 cara
852 1125 1022 1153 annona
1048 1111 1114 1153 sit.
1145 1111 1227 1152 sic
1259 1125 1394 1164 eqero.
1436 1110 1559 1152 Nunc
1588 1111 1682 1153 ibo

176 1193 231 1234 ad
260 1196 432 1247 portum
463 1191 574 1233 hinc.
606 1195 669 1233 est
699 1191 788 1233 11110
817 1191 875 1233 1111
906 1205 993 1233 una
1024 1205 1121 1246 spes
1152 1191 1371 1233 cenatica:
1418 1190 1462 1233 Si
1501 1205 1552 1233 ea
1591 1191 1683 1233 de-

174 1272 415 1323 volabit,
446 1271 645 1313 redibo
676 1271 760 1313 huc
791 1271 846 1313 ad
879 1285 1023 1313 senem
1054 1270 1110 1312 ad
1141 1284 1290 1312 cenam
1320 1274 1681 1325 asperam—20.

181 1354 269 1394 Cas.
288 1355 385 1394 192.
426 1352 483 1393 Et
515 1351 700 1393 sitellam
730 1351 815 1393 11110
844 1354 987 1393 10011111
1018 1350 1172 1393 afferto
1193 1365 1288 1392 cum
1323 1364 1437 1404 aqua
1469 1354 1511 1392 et
1542 1351 1682 1392 sortis.

175 1431 263 1473 CH.
305 1431 383 1473 Sat
412 1431 572 1486 placet,
604 1432 695 1485 Ego
726 1431 798 1486 pol
826 1431 955 1473 istam
982 1431 1086 1472 iam
1117 1431 1436 1484 aliquovorsum
1467 1431 1683 1485 tragulam

176 1515 382 1553 decidero.
433 1511 544 1553 Nam
574 1511 609 1553 si
641 1511 702 1553 sic
731 1511 838 1552 nihil
867 1511 1100 1566 impetrare
1129 1514 1353 1565 potero,
1394 1511 1546 1553 saltem
1577 1525 1682 1552 sor-

172 1591 303 1633 tiar.
333 1617 385 1621 -
418 1594 484 1633 21.
525 1594 620 1633 ibid.
659 1594 757 1633 441.
818 1591 890 1633 Nil
930 1605 1097 1633 moror:
1139 1590 1323 1632 molesta
1361 1591 1399 1632 ei
1440 1605 1532 1632 esse
1570 1590 1680 1632 nolo.

171 1674 299 1725 post
326 1684 562 1713 εοηυεηενο.
605 1696 657 1700 ——
699 1674 764 1712 22.
807 1674 901 1713 ibid.
934 1674 1038 1713 509.
1092 1670 1175 1712 Abi
1207 1673 1250 1712 et
1280 1670 1397 1712 aliud
1429 1684 1544 1713 cura.
1603 1684 1680 1724 ego

173 1751 278 1792 iam
315 1764 393 1804 per
430 1750 602 1792 hortum
642 1754 799 1792 iussero
840 1750 981 1792 Meam
1027 1751 1139 1792 istuc
1179 1750 1364 1792 transire
1408 1764 1586 1792 uxorem
1626 1750 1681 1791 ad

176 1844 354 1872 uxorem
382 1834 512 1871 tuam.
543 1855 598 1860 —
628 1833 693 1873 23.
725 1833 820 1872 ibid.
853 1833 953 1872 648.
996 1831 1040 1872 81
1070 1831 1237 1885 sapitis,
1270 1844 1399 1882 uxor,
1430 1844 1504 1872 vos
1535 1833 1681 1872 tamen

178 1909 400 1961 cenabitis,
432 1910 546 1952 Cena
575 1909 651 1952 ubi
683 1910 765 1952 erit
795 1914 936 1952 cocta:
970 1924 1048 1964 ego
1079 1911 1171 1952 ruri
1204 1924 1422 1952 cenavero:
1464 1910 1574 1951 Nam
1605 1924 1680 1952 110-

173 2004 268 2032 vom
297 1990 501 2032 maritum
543 1993 586 2031 et
622 2003 776 2031 novam
816 1994 993 2044 nuptam
1029 1990 1125 2032 volo
1157 1991 1246 2032 Rus
1280 1991 1497 2044 prosequi.
1529 2015 1581 2020 —
1614 1994 1679 2033 24.

174 2073 268 2111 ibid.
295 2073 394 2112 653.
437 2069 521 2111 Sed
539 2074 771 2124 properate
790 2071 921 2112 istum
943 2074 1074 2124 atque
1097 2070 1225 2112 istam
1255 2073 1449 2112 actutum
1471 2071 1679 2122 emittere,

173 2149 363 2191 Tandem
391 2153 440 2191 ut
468 2150 689 2191 veniamus
718 2150 826 2192 luci:
867 2164 945 2204 ego
986 2164 1110 2192 cras
1142 2150 1213 2191 1110
1244 2163 1349 2192 01·0.
1410 2150 1544 2192 Cras
1584 2150 1679 2191 ha-

172 2228 364 2281 buero,
394 2243 515 2280 uxor,
548 2242 626 2282 ego
655 2232 801 2271 tamen
832 2230 1081 2272 convivium.
1108 2254 1166 2261 ——
1196 2233 1262 2273 25.
1295 2233 1391 2272 ibid.
1413 2234 1439 2271 7
1445 2233 1512 2272 24.
1556 2230 1679 2272 Ν11110

172 2308 435 2362 praesidium
463 2308 535 2350 hic
561 2309 831 2361 Pardalisca,
872 2313 986 2352 esto:
1048 2310 1121 2364 qui
1168 2309 1269 2352 111110
1306 2313 1449 2362 exeat,
1492 2323 1587 2351 eum
1630 2313 1679 2351 ut

174 2387 361 2429 ludribio
391 2388 567 2432 habeas.
626 2389 798 2431 Lubens
822 2395 967 2442 fecero
999 2392 1042 2432 et
1078 2389 1231 2432 solens.
1267 2416 1314 2420 —-
1348 2393 1413 2432 26.
1445 2393 1540 2432 ibid.
1574 2392 1676 2431 804.

174 2466 282 2509 Redi
312 2467 369 2508 sis
398 2467 443 2508 in
466 2468 734 2510 cubiculum:
764 2469 932 2524 periisti
956 2469 1112 2521 hercle,
1145 2483 1224 2523 age
1248 2469 1405 2511 accede
1427 2469 1510 2511 huc
1537 2469 1676 2510 modo.

174 2546 299 2588 Nunc
330 2560 408 2600 ego
439 2550 581 2589 tecum
610 2562 793 2602 aequom
820 2549 1031 2591 arbitrum
1053 2553 1176 2591 extra
1201 2549 1424 2603 coniugem
1446 2556 1676 2600 captavero.

172 2651 228 2657 —
247 2630 313 2670 27.
340 2628 431 2669 Cist.
455 2630 552 2669 381.
596 2628 658 2682 (L.
689 2628 736 2669 E.
769 2628 976 2683 Benoist).
1018 2628 1104 2671 Ubi
1133 2629 1235 2670 estis
1270 2629 1411 2671 servi?
1453 2627 1676 2670 Occludite
