1862 3010
824 164 1107 202 —18—

214 277 307 315 555.
374 273 497 314 Nunc
547 277 691 315 tamen
727 274 895 316 interea
942 275 997 317 ad
1048 275 1145 317 med
1186 275 1271 317 huc
1310 275 1490 317 invisam
1533 276 1716 318 domum.

211 354 336 396 Most.
370 357 463 395 683.
523 353 614 407 Ego
646 354 716 395 hic
746 355 972 409 tantisper,
1003 355 1104 397 dum
1136 356 1237 408 exis,
1268 359 1311 397 te
1343 356 1555 410 opperiar.
1614 355 1716 397 ibid.

215 437 336 475 1094.
397 434 488 487 Ego
519 433 690 475 interim
723 447 843 476 aram
875 434 988 476 hanc
1020 435 1252 490 occupabo.
1313 436 1439 477 Poen.
1471 439 1565 477 417.
1625 436 1717 490 Ego

208 514 324 554 intus
354 513 526 554 interim
565 516 687 554 tuum
720 514 938 556 exornabo
977 514 1161 556 vilicum.
1222 515 1345 556 Truc.
1377 518 1471 558 209.
1531 516 1623 570 Ego
1654 516 1717 557 in-

209 593 336 634 terim
366 593 438 634 1116
473 592 589 647 apud
627 607 701 634 vos
731 594 973 648 opperibor.
1033 594 1135 636 ibid.
1170 598 1262 636 715.
1323 595 1415 649 Ego
1445 595 1617 637 interim
1646 595 1716 637 hic

211 673 291 727 (ita
318 673 436 727 libri)
555 673 824 727 praesidebo.
856 699 912 703 —
939 674 1157 728 Exemplis
1180 678 1324 716 autem
1352 688 1462 728 quae
1489 678 1589 716 sunt
1619 675 1716 717 ‘huc

209 736 472 794 concessero'
515 756 558 794 et
590 753 746 794 similia
786 767 954 808 oppono
993 753 1123 795 haec:
1164 754 1320 795 Bacch.
1360 758 1453 796 610.
1515 754 1600 796 Sed
1630 755 1714 796 huc

209 833 454 874 concedam.
517 833 609 874 Cas.
643 836 736 875 330.
796 834 853 875 At
881 834 968 874 iam
996 833 1228 874 concedam
1259 833 1364 875 huc:
1396 833 1524 875 audio
1555 835 1714 887 aperiri

206 912 321 954 fores
353 912 464 953 Hinc
503 927 554 954 ex
585 913 752 954 insidiis
788 913 906 954 hisce
947 926 1026 966 ego
1066 913 1245 955 insidias
1275 913 1400 955 dabo.
1460 912 1584 967 Epid.
1622 917 1713 955 103.

205 992 302 1034 Huc
333 992 577 1034 concedam.
637 992 762 1034 Most.
794 996 888 1034 429.
950 992 1190 1034 Concedam
1223 1006 1249 1034 a
1285 992 1449 1034 foribus
1480 993 1584 1044 huc,
1615 992 1715 1034 hinc

206 1072 464 1126 speculabor
503 1072 665 1127 procul.
724 1072 828 1117 ibid.
869 1076 962 1114 517.
1022 1073 1236 1114 Accedam
1276 1073 1371 1114 huc.
1423 1072 1574 1114 Pseud.
1617 1076 1712 1114 414.

205 1152 328 1193 Nunc
358 1153 442 1194 huc
473 1153 707 1194 concedam
734 1156 783 1194 ut
813 1152 966 1194 horum
993 1166 1232 1194 sermonem
1261 1153 1413 1206 legam.
1475 1152 1583 1194 Rud.
1615 1156 1710 1194 480.

207 1232 419 1274 Accedam
450 1232 535 1274 huc
571 1233 626 1273 ad
657 1232 976 1274 foris—Haec
1008 1233 1205 1287 exempla
1236 1232 1448 1286 quomodo
1481 1246 1507 1273 a
1535 1235 1600 1274 83.
1633 1232 1713 1273 dif-

204 1311 351 1353 ferant
377 1315 510 1363 (lubet
541 1315 760 1354 observare
791 1316 890 1363 quid
918 1320 1038 1364 ayat,
1075 1316 1154 1353 leuc
1184 1319 1448 1362 concessero)
1483 1325 1568 1352 non
1606 1311 1712 1352 satis

202 1392 418 1445 intellego.
478 1393 631 1446 Itaque
667 1393 737 1433 vix
767 1392 949 1434 refutari
992 1393 1172 1446 poterit,
1215 1393 1288 1446 qui
1327 1391 1558 1433 contendat
1588 1391 1710 1432 Mad-

202 1473 399 1525 vigianae
430 1473 610 1514 rationis
641 1472 941 1514 necessitatem
963 1486 1056 1514 esse
1086 1472 1259 1524 nullam,
1292 1486 1386 1513 cum
1418 1471 1578 1525 ubique
1610 1472 1710 1513 sim-

202 1552 326 1606 plicis
354 1551 488 1594 futuri
516 1552 635 1594 notio
667 1556 770 1606 apta
801 1552 867 1593 sit.
898 1578 954 1582 -—

314 1633 364 1673 In
401 1633 579 1674 tertio
621 1646 825 1686 genere
866 1632 1098 1673 celeritatis
1129 1632 1197 1673 vel
1238 1631 1313 1673 ‘rei
1353 1645 1490 1685 paene
1530 1631 1615 1672 iam
1655 1630 1711 1672 ad

204 1712 366 1753 exitum
397 1712 646 1766 perductae’
685 1712 851 1754 notatio
883 1712 1038 1766 agitur.
1098 1711 1308 1766 Exempla
1339 1714 1438 1752 sunt
1470 1714 1505 1752 7.
1545 1714 1612 1752 44.
1644 1713 1709 1752 51.

203 1795 267 1833 63.
303 1792 366 1834 De
396 1791 824 1847 promittentibus
853 1795 896 1833 et
925 1791 1232 1833 minantibus
1255 1791 1363 1833 haec
1379 1790 1501 1845 ponit
1515 1790 1711 1844 exempla

201 1871 423 1914 Plautina:
458 1876 522 1915 15.
549 1876 615 1914 20.
638 1875 704 1914 22.
733 1876 797 1913 35.
820 1875 886 1913 42.
940 1871 1149 1926 Exempla
1175 1871 1380 1925 simplicis
1402 1871 1536 1912 futuri
1558 1870 1710 1911 eadem

200 1952 372 1993 notione
402 1953 580 2006 insignis
610 1952 783 2006 profero
815 1951 946 1993 haec:
987 1951 1138 2005 Amph.
1158 1954 1251 1992 348.
1294 1950 1384 2003 Ego
1405 1949 1485 1991 tibi
1516 1950 1601 1990 iam
1632 1949 1707 1990 ho-

201 2031 269 2072 die
301 2032 527 2074 scelestam
559 2032 838 2086 comprimam
868 2031 1070 2085 linguam.
1126 2030 1228 2072 ibid.
1275 2033 1367 2071 381.
1423 2029 1566 2092 Etiam
1598 2031 1709 2070 mut-

201 2111 288 2152 tis‘?
348 2112 434 2153 iam
472 2112 638 2154 tacebo.
708 2111 811 2153 ibid.
855 2115 948 2153 543.
1010 2110 1091 2153 Abi
1131 2123 1258 2164 prae,
1303 2109 1437 2150 Sosia.
1497 2109 1589 2150 Iam
1630 2122 1708 2162 ego

203 2205 371 2245 sequar.
431 2192 533 2234 ibid.
566 2196 659 2235 556.
718 2192 809 2233 Iam
852 2191 1024 2245 quidem
1054 2190 1199 2232 hercle
1230 2203 1308 2242 ego
1339 2189 1419 2230 tibi
1449 2189 1576 2230 istam
1609 2189 1708 2229 Sce-

199 2271 376 2323 lestam,
417 2272 577 2324 scelus,
617 2272 808 2326 linguam
847 2271 1080 2313 abscidam.
1150 2269 1252 2311 ibid.
1295 2273 1387 2311 779.
1455 2269 1589 2319 Quem
1630 2281 1708 2322 ego

200 2351 286 2392 iam
315 2351 385 2392 hic
417 2352 666 2393 convincam
697 2351 854 2405 palam.
914 2350 1016 2391 ibid.
1059 2353 1153 2392 860.
1213 2349 1303 2390 Iam
1335 2362 1387 2389 ex
1418 2348 1636 2389 Naucrate
1664 2347 1709 2388 id

200 2435 381 2484 cognato
413 2445 669 2485 cognoscam
696 2444 802 2472 meo.
862 2430 964 2471 ibid.
1004 2432 1123 2471 1030.
1186 2429 1320 2480 Quem
1361 2428 1434 2482 pol
1471 2441 1548 2481 ego
1579 2427 1707 2468 hodie

200 2510 255 2551 ob
295 2512 430 2552 istaec
474 2511 590 2552 dicta
631 2509 787 2551 faciam
829 2510 1064 2551 ferventem
1106 2509 1264 2562 flagris.
1326 2509 1394 2549 As.
1429 2511 1522 2549 607.
1583 2507 1709 2560 Apud

201 2592 357 2631 Orcum
390 2594 433 2631 te
465 2591 639 2632 videbo:
683 2590 790 2630 Nam
828 2589 1025 2642 equidem
1057 2603 1124 2629 me
1154 2589 1239 2630 iam
1271 2591 1478 2641 quantum
1509 2589 1652 2640 potest
1683 2600 1708 2626 a
