1862 3010
902 331 993 385 §⁷-

307 455 401 497 Non
433 469 610 509 prorsus
641 454 792 496 eadem
824 455 936 496 ratio
968 458 1032 496 est
1063 454 1384 495 enuntiatorum
1413 454 1703 504 relativorum,

196 535 552 577 condicionalium
586 538 628 576 et
660 549 771 588 quae
798 539 898 576 sunt
919 534 1086 576 similia.
1124 534 1328 587 Suspicor
1348 548 1427 587 per
1448 534 1555 575 haec
1585 538 1703 575 tran-

193 616 321 657 situm
363 629 454 656 esse
491 614 653 656 factum
683 615 740 656 ad
770 614 853 655 vim
886 627 984 655 vere
1014 613 1251 655 relativam.
1307 596 1391 654 sed
1420 614 1562 654 omnia
1593 626 1703 666 quae

192 695 277 737 huc
308 699 506 749 spectant
536 695 745 749 peculiari
776 695 1077 736 dissertatione
1108 693 1366 734 illustranda
1404 697 1549 734 erunt:
1591 706 1704 734 nunc

193 775 299 816 satis
311 774 481 816 habebo
500 775 697 829 exempla
707 774 913 816 nonnulla
934 773 1228 827 adscripsisse,
1261 786 1313 813 ex
1333 772 1489 826 quibus
1510 776 1703 826 apparet,

194 854 293 896 inde
325 868 496 908 quoque
528 868 649 896 meae
680 854 918 896 sententiae
951 856 1206 906 argumenta
1235 852 1326 906 peti
1355 865 1493 905 posse.

309 934 565 976 Proficiscor
606 934 661 976 ab
701 935 769 975 his
815 933 1042 987 exemplis:
1109 932 1235 974 Poen.
1278 935 1372 974 853.
1434 932 1490 972 At
1530 945 1608 985 ego
1651 930 1704 972 ob

194 1014 307 1056 hanc
327 1028 493 1055 moram
524 1014 605 1056 tibi
636 1014 815 1056 reddam
845 1027 1034 1067 operam,
1068 1016 1136 1054 ubi
1166 1016 1285 1061 voles,
1315 1015 1383 1053 ubi
1411 1014 1594 1052 iusseris.
1636 1011 1705 1052 As.

196 1098 290 1137 381.
335 1094 476 1135 Etiam
509 1094 687 1135 muttis‘?
749 1093 827 1135 ΞΟ.
859 1094 950 1135 Iam
981 1092 1148 1134 tacebo.
1194 1092 1281 1133 NE.
1312 1092 1415 1142 Quis
1446 1090 1527 1132 tibi
1558 1091 1704 1132 erust‘?

195 1174 274 1216 SO.
323 1179 440 1224 (mem
474 1182 515 1215 m
547 1178 665 1215 voles.
707 1173 794 1215 NE.
825 1173 936 1224 Quid
966 1173 1126 1226 igitur?
1165 1172 1238 1225 qui
1265 1184 1377 1212 nunc
1397 1184 1552 1212 vocare
1564 1172 1583 1211 ⁴?
1628 1170 1706 1211 SO.

195 1255 330 1296 Nemo
360 1254 442 1295 nisi
475 1268 588 1305 quem
624 1257 807 1294 iusseris.
845 1279 889 1283 ——
925 1252 1076 1306 Amph.
1112 1256 1232 1294 1048.
1294 1251 1532 1301 Certumst,
1572 1251 1707 1291 intro-

197 1347 395 1388 rumpam
437 1334 481 1375 in
520 1334 658 1375 aedis:
718 1333 793 1375 ubi
836 1345 1049 1386 quemque
1088 1332 1305 1373 hominem
1343 1344 1568 1382 aspeaeero,
1611 1329 1706 1372 Sive

196 1414 419 1465 ancillam,
453 1414 540 1455 sive
573 1427 762 1464 servom,
796 1413 831 1454 si
863 1426 1063 1463 uxorein,
1094 1412 1129 1453 si
1159 1411 1426 1461 adulterum,
1459 1411 1495 1451 si
1525 1414 1706 1464 patrem,

196 1495 232 1536 si
268 1508 391 1535 avom
431 1496 588 1544 videbo,
631 1507 728 1534 eum
767 1491 1037 1534 obtruncabo
1079 1492 1123 1532 in
1160 1490 1353 1532 aedibus.
1406 1491 1507 1544 (sive
1536 1504 1706 1531 uxorem

195 1578 278 1616 sive
317 1599 371 1603 ——
412 1587 483 1614 seu
530 1580 694 1624 pafrem
747 1577 829 1613 sive
880 1571 1013 1625 libri).
1103 1571 1262 1612 Similis
1313 1584 1382 1611 res
1435 1574 1500 1611 est
1548 1570 1592 1610 in
1642 1569 1708 1611 his

198 1653 426 1707 exemplis:
475 1653 607 1694 Stich.
641 1656 735 1694 624.
788 1652 898 1703 Quin
930 1652 965 1692 si
998 1654 1184 1702 iusseris,
1216 1650 1278 1691 Eo
1310 1663 1480 1703 quoque
1511 1648 1596 1691 ibo.
1638 1651 1708 1691 As.

201 1737 296 1775 487.
337 1733 499 1774 Tamen
529 1746 765 1786 numquam
794 1731 895 1773 hinc
924 1731 1037 1773 feres
1067 1730 1235 1784 argenti
1266 1744 1497 1777 nummum,
1529 1729 1611 1770 nisi
1642 1742 1709 1770 me

197 1814 313 1855 Dare
354 1816 522 1854 iusserit
564 1813 865 1854 Demaenetus.
926 1811 1047 1853 Curc.
1083 1814 1176 1853 707.
1229 1810 1410 1851 Iamiam
1462 1809 1619 1850 faciam
1661 1812 1710 1850 ut

198 1897 381 1935 iusseris.
443 1893 553 1934 Men.
598 1896 690 1935 153.
740 1891 921 1933 Oculum
962 1890 1149 1932 ecfodito
1188 1890 1407 1944 persolum
1449 1888 1574 1939 Mihi,
1620 1888 1709 1929 Me-

197 1973 424 2023 naechme,
468 1973 503 2013 si
546 1971 680 2013 ullum
717 1970 895 2012 verbum
934 1970 1058 2021 faxo,
1101 1970 1184 2011 nisi
1221 1969 1337 2023 quod
1368 1972 1560 2010 iusseris:
1598 1981 1708 2022 quae

200 2051 493 2107 comparanda
542 2056 642 2093 sunt
693 2065 788 2092 cum
838 2051 977 2092 hisce:
1038 2049 1195 2091 Bacch.
1239 2052 1331 2091 729.
1393 2048 1516 2099 Quod
1556 2050 1709 2099 iubebo,

200 2132 378 2174 scribito
407 2132 518 2173 istic.
580 2131 694 2172 Trin.
731 2134 851 2172 1184.
912 2130 1003 2184 Ego
1034 2129 1209 2180 ducam,
1252 2132 1399 2183 pater,
1443 2128 1499 2168 Et
1541 2141 1636 2169 eam
1668 2130 1711 2169 et

200 2212 369 2266 siquam
423 2211 553 2252 aliam
603 2213 768 2252 iubebis.
836 2210 960 2252 Truc.
1011 2213 1105 2251 911.
1182 2208 1273 2250 Tuo
1327 2207 1544 2249 arbitratu
1595 2206 1712 2261 quod

199 2295 352 2333 iubebis
384 2290 571 2333 dabitur.
613 2290 721 2332 Rud.
758 2293 877 2331 1134.
921 2289 1033 2340 Quid
1063 2289 1230 2330 iurem?
1273 2288 1361 2330 GR.
1403 2287 1525 2338 Quod
1556 2290 1708 2329 iubebo.

207 2396 248 2401 —-
285 2372 410 2413 Most.
447 2374 538 2413 192.
600 2370 659 2411 Di
700 2370 950 2423 deaeque
987 2383 1054 2410 me
1086 2381 1232 2410 omnes
1263 2368 1475 2422 pessumis
1505 2366 1711 2420 exemplis

199 2450 588 2501 interficiant,
622 2453 709 2491 Nisi
741 2462 819 2503 ego
846 2448 965 2490 illam
992 2462 1122 2490 anum
1144 2452 1392 2499 ‘e'nlmfecero
1417 2447 1488 2488 siti
1513 2446 1710 2500 fameque

202 2534 332 2584 atque
379 2530 499 2584 algu:
554 2542 738 2583 quocum
787 2527 838 2570 cf.
879 2528 1012 2569 Persa
1055 2531 1149 2570 292.
1219 2527 1283 2568 Di
1333 2527 1586 2580 deaeque
1633 2539 1710 2567 me

202 2624 383 2651 omnes
414 2609 651 2664 perdant
685 2612 772 2650 Nisi
802 2612 844 2650 te
875 2608 1026 2659 hodie,
1072 2608 1108 2649 si
1138 2607 1420 2661 prehendero,
1465 2610 1635 2658 deliqam
1667 2605 1711 2646 in
