1862 3010
775 180 1061 219 -10—

876 394 966 448 §2

278 527 496 581 Exemplis
514 541 566 569 ex
583 528 726 569 Plauti
744 529 976 571 comoediis
994 531 1208 584 congestis
1224 545 1357 586 pergo
1376 532 1432 573 ad
1448 533 1671 585 rationem,

164 621 251 661 qua
280 606 611 649 difficultatibus
639 608 1008 663 interpretationis
1030 624 1281 653 succurrere
1307 611 1565 654 studuerunt
1595 613 1675 655 viri

163 687 291 729 docti.
351 687 407 728 Et
436 687 621 741 primum
650 688 823 741 quidem
854 689 1191 743 Madvigius:
1229 691 1473 734 ‘Derivatur
1503 693 1674 744 autem',

162 767 315 821 inquit,
343 767 492 809 ‘omnis
512 767 581 808 hic
601 782 704 810 usus
727 782 789 810 ex
819 782 880 810 ea
909 769 1342 823 significatione
1372 771 1675 814 ulterioris

162 847 435 902 temporis
474 848 758 900 momenti,
805 863 934 902 quam
965 849 1105 891 inesse
1135 850 1181 891 in
1211 849 1356 892 futuro
1383 854 1535 893 exacto
1567 851 1675 893 dixi-

163 942 280 980 mus3
324 927 532 969 eiusmodi
564 929 676 970 enim
706 929 911 970 momenti
942 929 1148 983 cogitatio
1180 944 1264 972 non
1304 944 1407 972 uno
1447 931 1574 973 modo
1612 931 1675 973 la-

163 1010 306 1049 tenter
337 1008 526 1049 animum
565 1008 706 1050 subit'.
768 1008 833 1050 Ab
869 1008 953 1050 hac
990 1010 1204 1052 sententia
1239 1010 1460 1064 profectus
1495 1010 1677 1053 ulterius

163 1088 371 1142 temporis
386 1091 648 1130 momentum
667 1088 882 1142 quomodo
906 1090 1100 1142 quamvis
1124 1090 1339 1144 gradatim
1359 1091 1496 1145 magis
1520 1091 1677 1146 magis-

165 1182 248 1222 que
280 1168 559 1210 obscuratum
592 1169 658 1220 sit,
689 1172 917 1223 appareat,
950 1171 1126 1224 exponit
1157 1185 1231 1212 sex
1261 1171 1505 1225 praeceptis
1537 1171 1676 1213 hisce:

278 1248 308 1289 Ι.
340 1248 529 1290 Primum
546 1249 690 1303 igitur,
715 1263 845 1303 quum
868 1249 995 1303 vulgo
1018 1250 1165 1292 futuro
1186 1254 1338 1292 exacto
1360 1250 1678 1305 significaretur

165 1327 343 1370 effectus
372 1328 415 1370 in
444 1343 508 1381 re,
551 1343 662 1383 quae
694 1334 1070 1382 commemoretur,
1111 1330 1237 1373 simul
1272 1331 1482 1382 inclusus,
1525 1331 1677 1373 comici

165 1408 336 1450 omnino
376 1409 420 1449 in
461 1413 616 1451 eventu
658 1409 852 1452 fructure
892 1411 955 1452 rei
987 1411 1136 1465 (etiam
1181 1411 1478 1465 consequenti)
1505 1411 1677 1466 praedi-

164 1488 301 1530 cando
342 1488 418 1530 illa
457 1489 597 1531 forma
627 1489 748 1532 verbi
788 1493 989 1542 utuntur,
1033 1491 1148 1544 quod
1185 1491 1229 1532 in
1273 1491 1387 1532 omni
1431 1491 1677 1533 huiusmodi

164 1569 359 1611 oratione
388 1569 484 1611 finis
516 1570 699 1612 actionis
730 1570 790 1612 sic
821 1570 1063 1625 respicitur,
1094 1575 1142 1612 ut
1175 1571 1288 1612 actio
1315 1571 1359 1612 in
1382 1571 1529 1613 futuro
1552 1585 1676 1625 prae-

163 1649 296 1691 terita
325 1649 459 1691 menti
496 1649 761 1692 obversetur.
822 1650 892 1692 Sic
929 1651 1121 1692 Plautus.
1184 1654 1248 1693 31.
1283 1650 1446 1702 Quibus
1486 1651 1530 1692 in
1572 1651 1677 1693 locis

167 1743 297 1783 quam
329 1730 482 1784 exiguo
514 1729 597 1772 fine
630 1744 655 1772 a
685 1730 832 1772 futuro
862 1730 1045 1785 simplici
1077 1730 1209 1773 distet
1239 1735 1438 1773 exactum
1471 1745 1523 1773 ex
1554 1735 1592 1773 4.
1615 1730 1678 1772 in-

168 1809 316 1864 tellegi
345 1813 491 1864 potest
507 1811 551 1865 1).
574 1836 631 1841 ——
646 1811 697 1852 II.
718 1810 895 1862 Deinde,
927 1814 976 1853 ut
996 1810 1046 1852 fit
1067 1811 1267 1865 analogia
1294 1811 1506 1862 trahente,
1537 1814 1677 1853 trans-

165 1890 303 1932 fertur
330 1889 523 1932 futurum
556 1894 756 1932 exactum
791 1891 847 1932 ad
879 1890 1203 1945 significandam
1236 1905 1327 1933 rem
1357 1905 1442 1933 non
1473 1891 1517 1932 in
1540 1891 1679 1932 altera

163 1970 392 2022 inclusam,
434 1970 510 2013 sed
544 1984 655 2024 quae
684 1985 763 2025 per
795 1985 840 2013 se
873 1971 999 2012 simul
1026 1970 1120 2013 fieri
1150 1971 1307 2025 possit,
1350 1971 1393 2012 in
1437 1984 1520 2024 quo
1551 1984 1676 2025 prae-

167 2050 286 2092 teriti
317 2051 434 2093 notio
462 2051 600 2105 magis
638 2052 724 2093 iam
763 2051 1041 2102 obscuratur,
1081 2051 1163 2092 nisi
1200 2051 1315 2104 quod
1353 2050 1462 2092 haec
1499 2050 1677 2092 alterius

164 2130 279 2172 illius
310 2131 491 2173 actionis
522 2135 565 2173 et
595 2131 833 2173 occasionis
862 2132 1002 2185 spatio
1035 2130 1235 2173 absoluta
1257 2130 1349 2172 fore
1372 2130 1553 2172 videtur.
1584 2130 1678 2172 Hoc

167 2224 300 2264 genus
341 2210 543 2264 frequens
585 2215 651 2253 est
691 2212 735 2252 in
771 2211 988 2266 particula
1028 2210 1203 2253 ‘eadem'
1238 2211 1353 2266 apud
1391 2210 1591 2252 Plautum
1627 2213 1672 2252 11

170 2294 233 2331 17.
267 2294 332 2333 48.
364 2294 428 2333 62.
463 2316 514 2322 —-
543 2291 615 2333 III.
639 2291 887 2333 Proximum
919 2295 995 2343 est,
1027 2292 1071 2332 in
1102 2305 1186 2345 quo
1218 2294 1402 2346 apparet
1429 2290 1516 2343 illa,
1548 2305 1677 2345 quam

284 2508 314 2550 1)
359 2507 535 2552 Exempla
576 2519 668 2552 quae
711 2508 916 2552 Madvigius
958 2518 1223 2552 nonnumquam
1275 2508 1427 2553 integris
1461 2508 1583 2543 verbis
1619 2518 1678 2543 ex-

168 2564 317 2609 scripsit
340 2570 505 2609 repetere
530 2565 625 2609 nolo,
651 2576 768 2610 neque
792 2565 852 2600 hic
877 2576 995 2609 neque
1018 2564 1135 2610 infra;
1166 2565 1252 2602 satis
1277 2565 1388 2601 habui
1414 2565 1572 2604 numeris
1599 2565 1618 2610 ξ
1647 2565 1676 2598 1.

166 2621 300 2666 additis
326 2622 491 2668 exempla
520 2622 725 2665 denotasse.
