1862 3010
783 174 1038 211 —5‘

156 282 276 323 aedis
305 283 500 335 pessulis,
533 283 761 336 repagulis,
794 283 902 324 Ibo.
935 284 1056 325 Hanc
1088 299 1166 338 ego
1195 290 1364 326 tetulero
1386 286 1502 326 intra
1525 286 1666 328 limen.

157 388 211 392 —-
246 366 312 404 28.
361 366 481 413 Epid.
523 366 621 404 272.
683 363 804 405 Sicut
857 377 953 405 cras
1004 364 1073 405 hic
1121 365 1323 406 aderit:
1383 365 1511 406 hodie
1562 365 1669 407 haut

156 446 321 484 venerit.
353 468 406 472 —
438 446 503 485 29.
537 446 632 484 ibid.
676 446 775 485 512.
836 443 1028 497 Propera
1061 444 1193 497 igitur
1223 444 1371 498 fugere
1399 445 1518 496 hinc,
1556 446 1592 486 si
1622 448 1666 487 te

157 522 200 563 di
244 525 403 563 amant.
465 522 531 563 FI.
575 525 745 564 Abiero:
805 522 989 576 Flagitio
1032 538 1127 565 cum
1169 524 1331 566 maiore
1371 528 1470 578 post
1511 525 1667 567 reddes

156 606 312 644 tamen.
331 605 460 645 *30.
476 605 570 644 ibid.
590 606 690 644 657.
734 603 825 657 Ego
858 603 914 644 ad
942 617 1015 644 vos
1047 603 1358 657 Thesprionem
1389 608 1547 646 iussero
1572 605 1668 646 Huc

156 681 354 723 transire.
388 682 464 724 sed
484 685 712 734 memento,
747 683 782 724 si
814 683 917 737 quid
947 682 1176 725 saevibunt
1205 697 1328 725 senes
1352 684 1583 739 Suppetias
1605 717 1612 726 .
1632 717 1667 726 ..

156 762 282 805 ferre.
310 786 366 793 —
400 765 466 804 31.
500 765 606 804 Men.
634 765 736 804 270.
776 763 826 804 Id
853 766 1097 816 utrumque,
1130 767 1356 817 argentum
1389 764 1561 818 quando
1592 764 1669 806 ha-

155 842 289 893 bebo,
321 856 480 891 cavero,
512 842 576 884 Tu
605 857 658 884 ne
696 842 921 897 delinquas
952 857 1057 885 neve
1089 857 1167 897 ego
1198 844 1365 886 irascar
1393 844 1485 886 tibi.
1516 869 1572 874 -—
1603 847 1668 885 32.

157 927 252 965 ibid.
279 925 378 964 423.
429 922 579 976 Neque
611 936 689 976 ego
718 923 838 964 illum
869 937 1021 965 maneo
1052 938 1192 977 neque
1222 924 1345 966 flocci
1377 923 1500 975 facio,
1531 938 1670 977 neque

160 1004 195 1046 si
227 1003 412 1054 venerit,
453 1002 562 1044 Eum
593 1003 688 1044 volo
719 1003 833 1044 intro
863 1003 987 1046 mitti.
1048 1004 1136 1046 ER.
1169 1004 1351 1045 Ecastor
1391 1003 1498 1045 haut
1536 1003 1672 1045 invita

151 1089 308 1136 secero,
328 1108 382 1113 —
402 1086 467 1126 33.
499 1086 594 1125 ibid.
627 1086 728 1124 545.
778 1083 854 1124 Da
887 1083 1011 1125 sodes
1043 1097 1121 1138 aps
1151 1088 1215 1125 te:
1258 1088 1392 1138 post
1423 1097 1501 1137 ego
1532 1087 1670 1125 reddi-

159 1168 258 1205 dero
302 1163 394 1205 tibi.
425 1189 482 1194 —-
515 1166 580 1204 34.
612 1166 707 1204 ibid.
735 1166 837 1205 670.
900 1164 944 1205 Si
973 1164 1053 1205 tibi
1084 1163 1308 1218 displiceo,
1351 1163 1671 1218 patiundumst:

150 1248 354 1295 placuero
385 1243 486 1284 huic
518 1243 690 1294 Erotio,
736 1245 855 1294 Quae
886 1258 954 1285 me
984 1258 1069 1285 non
1101 1243 1392 1295 excludet,
1425 1243 1479 1284 ab
1516 1258 1573 1295 se,
1607 1246 1672 1285 set

158 1327 264 1378 aput
297 1337 342 1364 se
373 1323 636 1365 occludet
666 1323 793 1366 domi.
818 1350 867 1354 —
893 1327 957 1366 35.
991 1327 1116 1365 Mero.
1148 1327 1247 1366 372.
1279 1324 1329 1365 Id
1358 1326 1424 1365 est
1454 1323 1671 1377 profecto:

158 1418 306 1445 verum
336 1406 585 1444 actutum
619 1407 874 1447 abseesserit.
897 1429 952 1433 ——
978 1407 1042 1446 36.
1076 1407 1170 1446 ibid.
1204 1407 1300 1445 413.
1343 1403 1427 1445 Sed
1459 1403 1563 1457 quid
1597 1402 1673 1444 illa

158 1498 271 1524 nunc
300 1483 407 1525 fiet?
453 1483 540 1524 DE.
572 1483 726 1525 Recte:
761 1497 839 1537 ego
872 1498 1004 1525 emero
1036 1483 1164 1525 matri
1195 1487 1297 1525 tuae
1319 1483 1529 1524 Ancillam
1560 1483 1672 1524 vira-

159 1564 300 1617 ginem
332 1564 522 1617 aliquam
554 1578 638 1605 non
673 1564 844 1615 malam,
873 1563 1013 1605 forma
1043 1564 1315 1607 mala—37.
1338 1567 1402 1605 38.
1444 1566 1539 1604 ibid.
1570 1565 1669 1605 448.

160 1644 362 1695 Quiesce,
399 1644 599 1698 inquam:
638 1645 778 1685 istanc
817 1658 908 1685 rem
949 1657 1028 1698 ego
1068 1647 1186 1685 recte
1226 1647 1378 1685 videro.
1440 1643 1524 1685 CH.
1561 1642 1673 1694 Quid

160 1724 254 1765 ais?
296 1724 384 1765 DE.
427 1724 539 1775 Quid
571 1725 663 1766 est?
705 1724 789 1766 CH.
830 1724 924 1765 Non
969 1737 1047 1777 ego
1088 1724 1206 1764 illam
1244 1723 1473 1777 mancupio
1512 1723 1672 1776 accepi.

160 1804 248 1847 DE.
280 1804 365 1846 Sed
396 1804 468 1846 ille
501 1804 619 1846 illam
651 1804 855 1858 accipiet:
897 1804 981 1846 CH.
1013 1803 1109 1845 Non
1137 1807 1260 1857 potes
1291 1807 1339 1844 tu
1360 1803 1455 1857 lege
1487 1802 1672 1844 vende-re

159 1884 289 1925 illam.
350 1885 436 1926 DE.
480 1885 571 1938 Ego
615 1884 780 1938 aliquid
823 1888 975 1926 videro.
1017 1909 1073 1913 —
1115 1888 1179 1926 39.
1212 1886 1307 1925 ibid.
1346 1886 1446 1925 497.
1486 1883 1671 1935 Meliust,

161 1978 291 2005 sanus
324 1965 359 2005 si
391 1965 459 2006 sis.
507 1964 592 2006 CH.
626 1964 743 2015 Vale,
774 1964 895 2005 vince
927 1967 970 2005 et
1000 1977 1066 2004 me
1098 1977 1232 2005 serva.
1286 1963 1370 2005 EV.
1403 1963 1493 2016 Ego
1514 1968 1671 2014 fecero.

164 2069 214 2073 —
247 2048 312 2086 40.
345 2047 439 2086 ibid.
473 2047 574 2086 546.
619 2044 854 2086 Certumst:
885 2044 1065 2097 antiqua
1095 2043 1340 2084 recolam
1372 2046 1415 2084 et
1446 2042 1671 2084 servibo

161 2123 286 2165 mihi:
318 2123 454 2165 Breve
484 2124 570 2165 iam
602 2124 808 2166 relicuom
838 2124 952 2166 vitae
984 2123 1234 2177 spatiumst:
1266 2123 1369 2176 quin
1401 2136 1479 2176 ego
1512 2122 1670 2176 Volup-

161 2207 264 2255 tate,
297 2204 405 2254 vino‚
437 2218 583 2245 amore
616 2204 661 2245 id
693 2209 958 2246 delectavero.
978 2230 1031 2233 —
1050 2207 1115 2245 41.
1149 2206 1232 2245 Mil.
1265 2207 1318 2254 μί.
1345 2206 1448 2244 200.
1482 2203 1672 2253 Quaere:

163 2298 240 2337 ego
272 2284 371 2325 hinc
400 2287 635 2325 abscessero
668 2298 746 2337 aps
778 2287 820 2325 te
851 2284 955 2325 huc
994 2284 1045 2324 in
1061 2283 1234 2324 terim.
1267 2282 1369 2324 illuc
1401 2282 1458 2324 sis
1489 2282 1596 2324 vide.
1616 2307 1674 2313 —

164 2368 229 2405 42.
261 2367 355 2405 ibid.
389 2367 487 2405 863.
521 2364 613 2414 Quo
644 2368 687 2405 te
718 2364 842 2417 agis?
873 2364 959 2406 LV.
1001 2363 1156 2404 Missus
1191 2377 1283 2404 sum
1304 2361 1400 2404 alio.
1433 2362 1540 2403 iam
1570 2362 1674 2403 huc

163 2458 371 2485 revenerO.
403 2469 459 2474 -
490 2447 556 2485 43.
586 2447 703 2485 Mors.
737 2447 838 2485 526.
886 2443 956 2484 Nil
986 2457 1052 2484 me
1085 2442 1316 2492 currassis,
1354 2442 1551 2495 inquam:
1596 2455 1673 2495 ego

163 2523 268 2565 mihi
290 2527 526 2575 providero.
559 2549 613 2554 —
645 2528 710 2565 44.
743 2527 836 2565 ibid.
869 2527 969 2565 551).
1010 2522 1169 2564 Multos
1207 2537 1274 2563 me
1304 2522 1386 2564 hoc
1419 2526 1547 2576 pacto
1588 2522 1673 2563 iam

165 2604 255 2647 dies
286 2604 565 2646 frustramini.
616 2603 824 2646 Molestus
856 2603 889 2644 si
917 2618 1022 2654 sum,
1054 2603 1221 2647 reddite
1251 2606 1490 2657 argeutum,
1519 2605 1670 2644 abiero.
