1862 3010
744 199 1020 237 -13-

136 312 426 366 disputatione
458 324 568 364 quae
599 309 684 350 huc
714 311 923 362 spectant,
956 308 1139 350 subieci:
1181 308 1238 362 (p.
1271 309 1384 362 428).
1445 308 1642 349 ‘Disserit

137 406 162 433 a
194 407 233 445 p.
256 395 320 433 66.
349 391 399 431 de
425 389 569 430 futuro
598 391 750 430 exacto
771 388 814 428 in
836 388 908 429 ‘ro'
941 401 992 428 ex
1018 390 1156 438 eunte,
1190 388 1310 428 cuius
1339 402 1475 438 usum,
1508 402 1639 441 quum

135 473 179 512 in
211 485 284 512 sex
326 469 554 523 generibus
596 468 905 510 sententiarum
943 470 1197 521 persecutus
1240 470 1373 518 esset,
1410 467 1557 508 multis
1598 468 1641 508 in

136 550 295 600 Plauti,
326 548 539 590 nonnullis
570 548 612 589 in
647 548 835 590 Terentii
866 547 971 588 locis
1002 546 1164 588 nullum
1193 560 1369 601 prorsus
1402 547 1463 587 ait
1493 546 1642 588 discri-

135 643 232 671 men
270 629 494 682 utriusque
535 628 668 670 futuri
707 641 929 682 apparere.
989 627 1038 668 In
1078 640 1128 668 eo
1168 627 1304 679 idem,
1348 640 1473 680 quem
1515 627 1641 668 modo

136 709 271 762 tetigi,
305 722 425 750 error
455 708 572 750 latet.
633 708 743 749 Nam
780 707 856 749 ubi
896 707 1002 748 nihil
1040 707 1242 758 interest,
1287 719 1370 760 quo
1407 706 1534 748 modo
1565 707 1641 748 ali-

136 789 239 842 quid
271 788 452 840 dicatur,
484 788 666 830 liberum
701 787 874 842 quidem
909 790 994 839 est,
1030 800 1156 841 quem
1187 787 1360 828 modum
1391 788 1487 840 quis
1517 800 1641 841 prae-

137 869 262 919 ferat,
295 868 369 910 sed
401 868 483 922 ipsi
513 872 658 909 tamen
687 867 803 909 modi
826 867 1014 909 retinent
1042 870 1243 909 naturam
1275 880 1417 918 suam,
1448 870 1642 908 manent-

137 962 220 1002 que
261 948 429 990 diversi.
490 948 549 989 Ut
585 947 712 998 illud,
749 947 869 988 cuius
906 947 1165 988 mentionem
1206 946 1288 988 feci
1330 947 1445 1001 apud
1475 946 1558 988 Cic.
1598 947 1640 987 in

136 1029 255 1070 Verr.
307 1029 380 1069 III.
433 1029 455 1083 ξ
501 1031 591 1069 145.
635 1028 729 1068 ‘nisi
775 1027 837 1068 ita
876 1041 943 1069 res
985 1026 1215 1068 manifesta
1269 1027 1352 1068 erit
1392 1026 1547 1078 allata,
1595 1030 1643 1067 ut

135 1108 384 1163 responderi
423 1107 530 1148 nihil
559 1107 718 1161 possit,
761 1107 963 1148 vicimus?
1024 1106 1204 1148 Licebat
1234 1106 1278 1148 id
1309 1106 1451 1148 dicere
1482 1107 1644 1148 ‘viceri-

137 1188 243 1229 mus'
279 1191 321 1229 et
352 1187 606 1229 ‘vincemus'
668 1187 759 1238 Quo
792 1200 844 1228 ex
874 1186 940 1227 his
971 1187 1110 1228 tribus
1141 1190 1358 1238 uteretur,
1401 1186 1457 1228 ad
1486 1187 1642 1228 verita-

136 1271 222 1309 tem
256 1267 493 1309 sententiae
520 1267 625 1308 nihil
655 1267 884 1308 intererat:
924 1279 973 1307 eo
1005 1270 1150 1308 tamen
1181 1280 1266 1307 non
1295 1266 1463 1307 tollitur
1494 1266 1643 1308 discri-

135 1361 244 1398 men,
276 1347 391 1400 quod
423 1347 535 1389 inter
566 1347 674 1388 haec
705 1346 825 1388 verbi
854 1350 1052 1400 tempora
1081 1346 1334 1397 intercedit,
1378 1346 1454 1387 sed
1484 1360 1562 1400 pro
1593 1360 1643 1387 eo

135 1427 380 1468 discrimine
425 1427 543 1469 aliud
583 1427 666 1468 alio
709 1426 895 1468 alacrius
938 1430 981 1467 et
1020 1426 1175 1468 fortius
1215 1426 1304 1468 est.’
1365 1426 1484 1477 Quae
1512 1426 1644 1468 verba

136 1521 231 1548 cum
276 1521 361 1548 non
401 1510 491 1548 tam
533 1507 868 1549 demonstrantis
919 1520 1047 1560 quam
1091 1506 1307 1560 opinantis
1347 1509 1511 1557 essent,
1559 1519 1643 1547 non

133 1587 376 1628 mirandum
421 1590 505 1638 est,
557 1586 672 1640 quod
711 1586 906 1640 plerique
947 1586 1135 1628 virorum
1176 1586 1399 1628 doctorum
1439 1585 1644 1639 Madvigii

135 1669 372 1720 praecepta
403 1666 524 1720 sequi
562 1666 819 1708 maluerunt.
881 1666 1009 1708 Velut
1040 1665 1209 1707 Ussin
1222 1666 1366 1719 gius,
1407 1665 1643 1720 discipulus

138 1745 355 1800 Madvigii,
389 1746 680 1800 compluribus
700 1747 995 1788 commentarii
1024 1745 1142 1798 locis,
1173 1745 1499 1797 Lorenzius,
1533 1746 1643 1787 eius-

139 1825 235 1867 dem
281 1825 532 1880 disciplinae
586 1825 803 1878 alumnus,
837 1826 1105 1877 Brixius,
1156 1825 1475 1867 comoediarum
1516 1825 1643 1867 Plau-

136 1906 326 1947 tinarum
357 1906 497 1947 editor
526 1906 787 1958 notissimus,
819 1906 904 1948 alii.
964 1905 1194 1948 Lorenzius
1216 1905 1268 1947 de
1293 1905 1376 1947 hac
1406 1920 1452 1947 re
1484 1905 1572 1960 egit
1600 1905 1643 1946 in

137 1985 415 2027 adnotatione
447 1986 503 2027 ad
534 1986 657 2028 Most.
676 1988 815 2029 590.2:
847 1985 1028 2027 Abiero:
1060 1985 1174 2027 dann
1198 1985 1339 2027 werde
1371 1984 1440 2026 ich
1464 1989 1642 2038 soyleicle

135 2064 373 2119 fortgehen.
434 2066 540 2107 Eine
580 2065 657 2108 der
695 2066 938 2120 haufigsten
976 2065 1162 2107 freieren
1193 2064 1525 2119 Anwendungen
1568 2065 1643 2106 des

135 2144 344 2187 Futurum
377 2149 588 2197 exactum,
616 2160 688 2187 um
719 2146 938 2201 dasjenige
965 2160 1018 2188 zu
1049 2145 1332 2197 bezeichnen,
1374 2159 1461 2187 was
1490 2149 1646 2187 sclmell

136 2224 294 2277 gethan
325 2225 415 2266 sein
446 2226 571 2278 wird,
605 2225 667 2267 oft
698 2226 776 2267 mit
806 2225 903 2267 dem
935 2225 1246 2279 Nebenbegriff
1272 2225 1390 2267 einer
1419 2225 1643 2268 Versiche-

136 2317 246 2357 rung
279 2304 451 2358 (Bacch.
488 2308 607 2347 1066.
651 2306 720 2347 As.
753 2309 848 2347 446.
889 2305 988 2359 Mgl.
1022 2309 1116 2348 863.
1156 2305 1223 2347 Ps.
1256 2306 1357 2360 350)
1389 2305 1494 2347 oder
1526 2305 1643 2346 einer

138 2382 347 2437 Drohung
363 2385 503 2438 (1174.
531 2385 624 2426 Ter.
653 2385 808 2430 Heaut.
835 2388 926 2428 108.
960 2385 1052 2427 Cas.
1083 2385 1115 2437 Ι,
1146 2389 1184 2437 4,
1219 2386 1300 2440 18).
1360 2384 1467 2426 Eine
1497 2385 1643 2426 zweite

137 2462 193 2504 ist
224 2462 292 2504 die
320 2477 396 2504 zur
431 2464 731 2518 Bezeichnung
763 2465 879 2506 eines
909 2464 1136 2519 kiinftigen
1166 2465 1386 2506 Resultats
1417 2465 1517 2519 (von
1547 2464 1643 2506 dem

137 2556 224 2583 was
256 2542 495 2595 geschehen
525 2544 615 2585 sein
645 2544 752 2585 wird
780 2559 812 2586 z.
836 2544 883 2586 B.
914 2545 1076 2599 1113.);
1108 2544 1201 2586 eine
1229 2544 1359 2586 dritte
1390 2545 1447 2585 ist
1469 2544 1537 2585 die
1569 2559 1643 2585 zur

137 2621 436 2675 Bezeichnung
459 2622 574 2664 eines
596 2627 862 2675 Aufsclmbes,
893 2624 1128 2666 besonders
1161 2625 1238 2665 mit
1268 2638 1360 2665 mox
1380 2624 1517 2678 (Capt.
1546 2625 1642 2678 194)
