<?xml version="1.0" encoding="UTF-8"?>
<!DOCTYPE html PUBLIC "-//W3C//DTD XHTML 1.0 Transitional//EN"
    "http://www.w3.org/TR/xhtml1/DTD/xhtml1-transitional.dtd">
<html xmlns="http://www.w3.org/1999/xhtml" xml:lang="en" lang="en">
 <head>
  <title>
</title>
<meta http-equiv="Content-Type" content="text/html;charset=utf-8" />
  <meta name='ocr-system' content='tesseract 3.04.00' />
  <meta name='ocr-capabilities' content='ocr_page ocr_carea ocr_par ocr_line ocrx_word'/>
</head>
<body>
  <div class='ocr_page' id='page_1' title='image "./defuturiexactius00meifuoft_0009.png"; bbox 0 0 1882 2995; ppageno 0'>
   <div class='ocr_carea' id='block_1_1' title="bbox 836 849 929 903">
    <p class='ocr_par' dir='ltr' id='par_1_1' title="bbox 836 849 929 903">
     <span class='ocr_line' id='line_1_1' title="bbox 836 849 929 903; baseline 0 -14"><span class='ocrx_word' id='word_1_1' title='bbox 836 849 929 903; x_wconf 67' lang='lat' dir='ltr'>§L</span> 
     </span>
    </p>
   </div>
   <div class='ocr_carea' id='block_1_2' title="bbox 129 973 1640 1988">
    <p class='ocr_par' dir='ltr' id='par_1_2' title="bbox 129 973 1639 1748">
     <span class='ocr_line' id='line_1_2' title="bbox 248 973 1637 1027; baseline 0.001 -12"><span class='ocrx_word' id='word_1_2' title='bbox 248 974 309 1015; x_wconf 89' lang='lat' dir='ltr'>De</span> <span class='ocrx_word' id='word_1_3' title='bbox 343 988 423 1015; x_wconf 88' lang='lat' dir='ltr'>usu</span> <span class='ocrx_word' id='word_1_4' title='bbox 453 974 585 1014; x_wconf 87' lang='lat' dir='ltr'>futuri</span> <span class='ocrx_word' id='word_1_5' title='bbox 619 973 773 1023; x_wconf 76' lang='lat' dir='ltr'>exacti,</span> <span class='ocrx_word' id='word_1_6' title='bbox 805 973 944 1026; x_wconf 85' lang='lat' dir='ltr'>qualis</span> <span class='ocrx_word' id='word_1_7' title='bbox 976 973 1091 1027; x_wconf 83' lang='lat' dir='ltr'>apud</span> <span class='ocrx_word' id='word_1_8' title='bbox 1122 973 1320 1014; x_wconf 85' lang='lat' dir='ltr'>Plautum</span> <span class='ocrx_word' id='word_1_9' title='bbox 1354 973 1494 1025; x_wconf 87' lang='lat' dir='ltr'>fuerit,</span> <span class='ocrx_word' id='word_1_10' title='bbox 1527 975 1637 1016; x_wconf 86' lang='lat' dir='ltr'>diffi-</span> 
     </span>
     <span class='ocr_line' id='line_1_3' title="bbox 132 1053 1639 1107; baseline 0.001 -13"><span class='ocrx_word' id='word_1_11' title='bbox 132 1053 223 1094; x_wconf 88' lang='lat' dir='ltr'>cilis</span> <span class='ocrx_word' id='word_1_12' title='bbox 255 1057 321 1095; x_wconf 92' lang='lat' dir='ltr'>est</span> <span class='ocrx_word' id='word_1_13' title='bbox 351 1053 607 1107; x_wconf 88' lang='lat' dir='ltr'>disputatio:</span> <span class='ocrx_word' id='word_1_14' title='bbox 654 1054 695 1094; x_wconf 90' lang='lat' dir='ltr'>in</span> <span class='ocrx_word' id='word_1_15' title='bbox 729 1067 812 1106; x_wconf 88' lang='lat' dir='ltr'>quo</span> <span class='ocrx_word' id='word_1_16' title='bbox 846 1067 997 1107; x_wconf 88' lang='lat' dir='ltr'>campo</span> <span class='ocrx_word' id='word_1_17' title='bbox 1022 1054 1108 1095; x_wconf 86' lang='lat' dir='ltr'>iam</span> <span class='ocrx_word' id='word_1_18' title='bbox 1133 1054 1367 1095; x_wconf 76' lang='lat' dir='ltr'>doctissimi</span> <span class='ocrx_word' id='word_1_19' title='bbox 1399 1055 1490 1106; x_wconf 85' lang='lat' dir='ltr'>viri,</span> <span class='ocrx_word' id='word_1_20' title='bbox 1523 1056 1639 1097; x_wconf 89' lang='lat' dir='ltr'>velut</span> 
     </span>
     <span class='ocr_line' id='line_1_4' title="bbox 131 1133 1639 1188; baseline 0.002 -15"><span class='ocrx_word' id='word_1_21' title='bbox 131 1133 371 1186; x_wconf 85' lang='lat' dir='ltr'>Madvigius</span> <span class='ocrx_word' id='word_1_22' title='bbox 385 1134 428 1187; x_wconf 82' lang='grc'>1),</span> <span class='ocrx_word' id='word_1_23' title='bbox 461 1133 731 1174; x_wconf 86' lang='lat' dir='ltr'>Hermannus</span> <span class='ocrx_word' id='word_1_24' title='bbox 747 1134 794 1187; x_wconf 76' lang='lat'>2),</span> <span class='ocrx_word' id='word_1_25' title='bbox 828 1133 1098 1175; x_wconf 86' lang='lat' dir='ltr'>Luebbertus</span> <span class='ocrx_word' id='word_1_26' title='bbox 1115 1135 1148 1188; x_wconf 78' lang='grc'>3)</span> <span class='ocrx_word' id='word_1_27' title='bbox 1178 1134 1508 1176; x_wconf 86' lang='lat' dir='ltr'>desudaverunt.</span> <span class='ocrx_word' id='word_1_28' title='bbox 1550 1135 1639 1176; x_wconf 86' lang='lat' dir='ltr'>Nec</span> 
     </span>
     <span class='ocr_line' id='line_1_5' title="bbox 131 1212 1638 1269; baseline 0.002 -16"><span class='ocrx_word' id='word_1_29' title='bbox 131 1216 196 1254; x_wconf 87' lang='lat' dir='ltr'>est</span> <span class='ocrx_word' id='word_1_30' title='bbox 228 1212 650 1266; x_wconf 71' lang='lat' dir='ltr'>simplex&#39;quaestiQ</span> <span class='ocrx_word' id='word_1_31' title='bbox 682 1212 756 1254; x_wconf 90' lang='lat' dir='ltr'>sed</span> <span class='ocrx_word' id='word_1_32' title='bbox 780 1212 925 1267; x_wconf 90' lang='lat' dir='ltr'>plures</span> <span class='ocrx_word' id='word_1_33' title='bbox 949 1213 1074 1255; x_wconf 90' lang='lat' dir='ltr'>simul</span> <span class='ocrx_word' id='word_1_34' title='bbox 1102 1218 1374 1266; x_wconf 83' lang='lat' dir='ltr'>concurrunt,</span> <span class='ocrx_word' id='word_1_35' title='bbox 1407 1229 1460 1256; x_wconf 83' lang='lat' dir='ltr'>ex</span> <span class='ocrx_word' id='word_1_36' title='bbox 1483 1215 1638 1269; x_wconf 89' lang='lat' dir='ltr'>quibus</span> 
     </span>
     <span class='ocr_line' id='line_1_6' title="bbox 129 1292 1638 1347; baseline 0.003 -15"><span class='ocrx_word' id='word_1_37' title='bbox 129 1305 258 1333; x_wconf 89' lang='lat' dir='ltr'>unam</span> <span class='ocrx_word' id='word_1_38' title='bbox 288 1292 392 1333; x_wconf 84' lang='lat' dir='ltr'>mihi</span> <span class='ocrx_word' id='word_1_39' title='bbox 428 1292 584 1333; x_wconf 90' lang='lat' dir='ltr'>iterum</span> <span class='ocrx_word' id='word_1_40' title='bbox 626 1293 900 1334; x_wconf 87' lang='lat' dir='ltr'>tractandam</span> <span class='ocrx_word' id='word_1_41' title='bbox 939 1294 1166 1347; x_wconf 80' lang='lat' dir='ltr'>proposui,</span> <span class='ocrx_word' id='word_1_42' title='bbox 1207 1307 1317 1347; x_wconf 93' lang='lat' dir='ltr'>quae</span> <span class='ocrx_word' id='word_1_43' title='bbox 1361 1298 1425 1336; x_wconf 89' lang='lat' dir='ltr'>est</span> <span class='ocrx_word' id='word_1_44' title='bbox 1466 1295 1518 1336; x_wconf 90' lang='lat' dir='ltr'>de</span> <span class='ocrx_word' id='word_1_45' title='bbox 1558 1309 1638 1336; x_wconf 90' lang='lat' dir='ltr'>usu</span> 
     </span>
     <span class='ocr_line' id='line_1_7' title="bbox 129 1371 1639 1428; baseline 0.003 -16"><span class='ocrx_word' id='word_1_46' title='bbox 129 1371 263 1412; x_wconf 87' lang='lat' dir='ltr'>futuri</span> <span class='ocrx_word' id='word_1_47' title='bbox 280 1372 419 1413; x_wconf 77' lang='lat' dir='ltr'>exacti</span> <span class='ocrx_word' id='word_1_48' title='bbox 436 1372 480 1412; x_wconf 91' lang='lat' dir='ltr'>in</span> <span class='ocrx_word' id='word_1_49' title='bbox 498 1373 729 1414; x_wconf 75' lang='lat' dir='ltr'>enuntiatis</span> <span class='ocrx_word' id='word_1_50' title='bbox 746 1373 975 1427; x_wconf 89' lang='lat' dir='ltr'>primariis.</span> <span class='ocrx_word' id='word_1_51' title='bbox 1012 1374 1106 1424; x_wconf 82' lang='lat' dir='ltr'>Qua</span> <span class='ocrx_word' id='word_1_52' title='bbox 1123 1374 1166 1414; x_wconf 89' lang='lat' dir='ltr'>in</span> <span class='ocrx_word' id='word_1_53' title='bbox 1182 1388 1229 1415; x_wconf 91' lang='lat' dir='ltr'>re</span> <span class='ocrx_word' id='word_1_54' title='bbox 1246 1387 1298 1415; x_wconf 90' lang='lat' dir='ltr'>ne</span> <span class='ocrx_word' id='word_1_55' title='bbox 1316 1374 1418 1428; x_wconf 90' lang='lat' dir='ltr'>quid</span> <span class='ocrx_word' id='word_1_56' title='bbox 1437 1374 1556 1416; x_wconf 87' lang='lat' dir='ltr'>dubii</span> <span class='ocrx_word' id='word_1_57' title='bbox 1573 1389 1639 1416; x_wconf 89' lang='lat' dir='ltr'>re-</span> 
     </span>
     <span class='ocr_line' id='line_1_8' title="bbox 131 1451 1639 1508; baseline 0.003 -16"><span class='ocrx_word' id='word_1_58' title='bbox 131 1451 355 1504; x_wconf 77' lang='lat' dir='ltr'>linquatur</span> <span class='ocrx_word' id='word_1_59' title='bbox 384 1451 438 1493; x_wconf 89' lang='lat' dir='ltr'>ab</span> <span class='ocrx_word' id='word_1_60' title='bbox 471 1452 676 1506; x_wconf 86' lang='lat' dir='ltr'>exemplis</span> <span class='ocrx_word' id='word_1_61' title='bbox 706 1453 871 1506; x_wconf 84' lang='lat' dir='ltr'>primae</span> <span class='ocrx_word' id='word_1_62' title='bbox 901 1466 1111 1507; x_wconf 78' lang='lat' dir='ltr'>personae</span> <span class='ocrx_word' id='word_1_63' title='bbox 1150 1454 1370 1508; x_wconf 88' lang='lat' dir='ltr'>profectus</span> <span class='ocrx_word' id='word_1_64' title='bbox 1409 1469 1523 1506; x_wconf 74' lang='lat' dir='ltr'>sum,</span> <span class='ocrx_word' id='word_1_65' title='bbox 1566 1455 1639 1496; x_wconf 90' lang='lat' dir='ltr'>ubi</span> 
     </span>
     <span class='ocr_line' id='line_1_9' title="bbox 133 1531 1638 1588; baseline 0.003 -17"><span class='ocrx_word' id='word_1_66' title='bbox 133 1531 184 1572; x_wconf 90' lang='lat' dir='ltr'>de</span> <span class='ocrx_word' id='word_1_67' title='bbox 212 1531 470 1572; x_wconf 89' lang='lat' dir='ltr'>coniunctivi</span> <span class='ocrx_word' id='word_1_68' title='bbox 500 1531 682 1585; x_wconf 87' lang='lat' dir='ltr'>perfecti</span> <span class='ocrx_word' id='word_1_69' title='bbox 714 1532 950 1574; x_wconf 81' lang='lat' dir='ltr'>formarum</span> <span class='ocrx_word' id='word_1_70' title='bbox 977 1547 1188 1575; x_wconf 77' lang='lat' dir='ltr'>concursu</span> <span class='ocrx_word' id='word_1_71' title='bbox 1219 1535 1398 1588; x_wconf 83' lang='lat' dir='ltr'>cogitari</span> <span class='ocrx_word' id='word_1_72' title='bbox 1440 1539 1638 1588; x_wconf 78' lang='lat' dir='ltr'>nequeat.</span> 
     </span>
     <span class='ocr_line' id='line_1_10' title="bbox 134 1611 1637 1667; baseline 0.003 -16"><span class='ocrx_word' id='word_1_73' title='bbox 134 1611 194 1651; x_wconf 91' lang='lat' dir='ltr'>Ac</span> <span class='ocrx_word' id='word_1_74' title='bbox 210 1611 395 1664; x_wconf 89' lang='lat' dir='ltr'>primum</span> <span class='ocrx_word' id='word_1_75' title='bbox 413 1611 584 1665; x_wconf 88' lang='lat' dir='ltr'>quidem</span> <span class='ocrx_word' id='word_1_76' title='bbox 609 1612 804 1666; x_wconf 87' lang='lat' dir='ltr'>exempla</span> <span class='ocrx_word' id='word_1_77' title='bbox 821 1612 1033 1665; x_wconf 83' lang='lat' dir='ltr'>Plautina,</span> <span class='ocrx_word' id='word_1_78' title='bbox 1057 1613 1213 1667; x_wconf 88' lang='lat' dir='ltr'>quibus</span> <span class='ocrx_word' id='word_1_79' title='bbox 1230 1613 1421 1656; x_wconf 84' lang='lat' dir='ltr'>futurum</span> <span class='ocrx_word' id='word_1_80' title='bbox 1441 1618 1637 1656; x_wconf 83' lang='lat' dir='ltr'>exactum</span> 
     </span>
     <span class='ocr_line' id='line_1_11' title="bbox 132 1690 1219 1748; baseline 0.005 -18"><span class='ocrx_word' id='word_1_81' title='bbox 132 1690 173 1730; x_wconf 87' lang='lat' dir='ltr'>in</span> <span class='ocrx_word' id='word_1_82' title='bbox 207 1690 439 1732; x_wconf 86' lang='lat' dir='ltr'>enuntiatis</span> <span class='ocrx_word' id='word_1_83' title='bbox 467 1691 684 1745; x_wconf 88' lang='lat' dir='ltr'>primariis</span> <span class='ocrx_word' id='word_1_84' title='bbox 716 1695 868 1744; x_wconf 86' lang='lat' dir='ltr'>exstet,</span> <span class='ocrx_word' id='word_1_85' title='bbox 901 1693 1161 1735; x_wconf 81' lang='lat' dir='ltr'>enumerabo</span> <span class='ocrx_word' id='word_1_86' title='bbox 1173 1694 1219 1748; x_wconf 74' lang='lat'>4).</span> 
     </span>
    </p>

    <p class='ocr_par' dir='ltr' id='par_1_3' title="bbox 133 1772 1640 1988">
     <span class='ocr_line' id='line_1_12' title="bbox 249 1772 1639 1827; baseline 0.004 -17"><span class='ocrx_word' id='word_1_87' title='bbox 249 1773 283 1811; x_wconf 90' lang='lat'>1.</span> <span class='ocrx_word' id='word_1_88' title='bbox 324 1774 462 1821; x_wconf 76' lang='lat' dir='ltr'>Amph.</span> <span class='ocrx_word' id='word_1_89' title='bbox 504 1775 568 1813; x_wconf 82' lang='lat'>52.</span> <span class='ocrx_word' id='word_1_90' title='bbox 641 1772 751 1822; x_wconf 84' lang='lat' dir='ltr'>Quid</span> <span class='ocrx_word' id='word_1_91' title='bbox 805 1773 1082 1814; x_wconf 85' lang='lat' dir='ltr'>contraxistis</span> <span class='ocrx_word' id='word_1_92' title='bbox 1130 1773 1347 1816; x_wconf 75' lang='lat' dir='ltr'>frontem?</span> <span class='ocrx_word' id='word_1_93' title='bbox 1405 1775 1506 1827; x_wconf 92' lang='lat' dir='ltr'>quia</span> <span class='ocrx_word' id='word_1_94' title='bbox 1550 1777 1639 1815; x_wconf 85' lang='lat' dir='ltr'>tra-</span> 
     </span>
     <span class='ocr_line' id='line_1_13' title="bbox 133 1850 1638 1905; baseline 0.003 -14"><span class='ocrx_word' id='word_1_95' title='bbox 133 1850 329 1903; x_wconf 82' lang='lat' dir='ltr'>goediam</span> <span class='ocrx_word' id='word_1_96' title='bbox 377 1850 476 1891; x_wconf 86' lang='lat' dir='ltr'>Dixi</span> <span class='ocrx_word' id='word_1_97' title='bbox 528 1850 719 1892; x_wconf 86' lang='lat' dir='ltr'>futuram</span> <span class='ocrx_word' id='word_1_98' title='bbox 776 1852 918 1893; x_wconf 73' lang='lat' dir='ltr'>hanc?</span> <span class='ocrx_word' id='word_1_99' title='bbox 997 1853 1113 1894; x_wconf 90' lang='lat' dir='ltr'>Deus</span> <span class='ocrx_word' id='word_1_100' title='bbox 1164 1868 1279 1905; x_wconf 83' lang='lat' dir='ltr'>sum,</span> <span class='ocrx_word' id='word_1_101' title='bbox 1345 1862 1638 1896; x_wconf 69' lang='lat' dir='ltr'>commutavero.</span> 
     </span>
     <span class='ocr_line' id='line_1_14' title="bbox 133 1930 1640 1988; baseline 0.003 -17"><span class='ocrx_word' id='word_1_102' title='bbox 133 1930 323 1972; x_wconf 83' lang='lat' dir='ltr'>Eandem</span> <span class='ocrx_word' id='word_1_103' title='bbox 354 1930 478 1982; x_wconf 79' lang='lat' dir='ltr'>hano,</span> <span class='ocrx_word' id='word_1_104' title='bbox 510 1931 545 1972; x_wconf 90' lang='lat' dir='ltr'>si</span> <span class='ocrx_word' id='word_1_105' title='bbox 576 1931 714 1983; x_wconf 83' lang='lat' dir='ltr'>voltis,</span> <span class='ocrx_word' id='word_1_106' title='bbox 750 1931 957 1974; x_wconf 86' lang='lat' dir='ltr'>faciam</span> <span class='ocrx_word' id='word_1_107' title='bbox 987 1946 1065 1986; x_wconf 82' lang='lat' dir='ltr'>ego</span> <span class='ocrx_word' id='word_1_108' title='bbox 1092 1947 1144 1975; x_wconf 90' lang='lat' dir='ltr'>ex</span> <span class='ocrx_word' id='word_1_109' title='bbox 1163 1934 1390 1988; x_wconf 82' lang='lat' dir='ltr'>tragoedia</span> <span class='ocrx_word' id='word_1_110' title='bbox 1410 1935 1640 1975; x_wconf 83' lang='lat' dir='ltr'>Comoedia</span> 
     </span>
    </p>
   </div>
   <div class='ocr_carea' id='block_1_3' title="bbox 132 2067 1641 2397">
    <p class='ocr_par' dir='ltr' id='par_1_4' title="bbox 132 2067 1641 2227">
     <span class='ocr_line' id='line_1_15' title="bbox 249 2067 1641 2112; baseline 0.004 -12"><span class='ocrx_word' id='word_1_111' title='bbox 249 2068 279 2111; x_wconf 92' lang='lat' dir='ltr'>l)</span> <span class='ocrx_word' id='word_1_112' title='bbox 306 2067 470 2110; x_wconf 85' lang='lat' dir='ltr'>Madvig:</span> <span class='ocrx_word' id='word_1_113' title='bbox 497 2067 563 2101; x_wconf 87' lang='lat' dir='ltr'>‘De</span> <span class='ocrx_word' id='word_1_114' title='bbox 588 2068 780 2103; x_wconf 86' lang='lat' dir='ltr'>formarum</span> <span class='ocrx_word' id='word_1_115' title='bbox 808 2069 1029 2112; x_wconf 83' lang='lat' dir='ltr'>quarundam</span> <span class='ocrx_word' id='word_1_116' title='bbox 1056 2070 1157 2104; x_wconf 89' lang='lat' dir='ltr'>verbi</span> <span class='ocrx_word' id='word_1_117' title='bbox 1190 2070 1311 2104; x_wconf 85' lang='lat' dir='ltr'>Latini</span> <span class='ocrx_word' id='word_1_118' title='bbox 1347 2081 1411 2105; x_wconf 88' lang='lat' dir='ltr'>usu</span> <span class='ocrx_word' id='word_1_119' title='bbox 1446 2076 1481 2106; x_wconf 84' lang='lat' dir='ltr'>et</span> <span class='ocrx_word' id='word_1_120' title='bbox 1511 2074 1641 2105; x_wconf 88' lang='lat' dir='ltr'>natura</span> 
     </span>
     <span class='ocr_line' id='line_1_16' title="bbox 132 2123 1639 2172; baseline 0.003 -14"><span class='ocrx_word' id='word_1_121' title='bbox 132 2123 356 2168; x_wconf 81' lang='lat' dir='ltr'>(lisputatio&#39;.</span> <span class='ocrx_word' id='word_1_122' title='bbox 394 2123 577 2168; x_wconf 86' lang='lat' dir='ltr'>Expressa</span> <span class='ocrx_word' id='word_1_123' title='bbox 605 2130 658 2159; x_wconf 84' lang='lat' dir='ltr'>est</span> <span class='ocrx_word' id='word_1_124' title='bbox 682 2125 773 2160; x_wconf 87' lang='lat' dir='ltr'>haec</span> <span class='ocrx_word' id='word_1_125' title='bbox 798 2127 1049 2161; x_wconf 86' lang='lat' dir='ltr'>commentatio</span> <span class='ocrx_word' id='word_1_126' title='bbox 1074 2127 1111 2161; x_wconf 91' lang='lat' dir='ltr'>in</span> <span class='ocrx_word' id='word_1_127' title='bbox 1140 2127 1191 2162; x_wconf 93' lang='lat' dir='ltr'>Io.</span> <span class='ocrx_word' id='word_1_128' title='bbox 1220 2127 1298 2162; x_wconf 86' lang='lat' dir='ltr'>Nic.</span> <span class='ocrx_word' id='word_1_129' title='bbox 1330 2128 1502 2171; x_wconf 85' lang='lat' dir='ltr'>Madvigii</span> <span class='ocrx_word' id='word_1_130' title='bbox 1531 2139 1639 2172; x_wconf 86' lang='lat' dir='ltr'>opus-</span> 
     </span>
     <span class='ocr_line' id='line_1_17' title="bbox 133 2181 1048 2227; baseline 0.004 -13"><span class='ocrx_word' id='word_1_131' title='bbox 133 2181 295 2215; x_wconf 88' lang='lat' dir='ltr'>culorum</span> <span class='ocrx_word' id='word_1_132' title='bbox 319 2181 606 2215; x_wconf 83' lang='lat' dir='ltr'>academicorum</span> <span class='ocrx_word' id='word_1_133' title='bbox 630 2181 723 2216; x_wconf 89' lang='lat' dir='ltr'>libro</span> <span class='ocrx_word' id='word_1_134' title='bbox 750 2183 794 2217; x_wconf 91' lang='grc' dir='ltr'>ΙΙ,</span> <span class='ocrx_word' id='word_1_135' title='bbox 819 2194 853 2227; x_wconf 90' lang='lat' dir='ltr'>p.</span> <span class='ocrx_word' id='word_1_136' title='bbox 880 2184 1048 2219; x_wconf 78' lang='lat'>60-129,</span> 
     </span>
    </p>

    <p class='ocr_par' dir='ltr' id='par_1_5' title="bbox 132 2237 1641 2397">
     <span class='ocr_line' id='line_1_18' title="bbox 246 2237 1640 2285; baseline 0.004 -14"><span class='ocrx_word' id='word_1_137' title='bbox 246 2238 282 2281; x_wconf 85' lang='lat'>2)</span> <span class='ocrx_word' id='word_1_138' title='bbox 308 2237 349 2272; x_wconf 83' lang='lat' dir='ltr'>G.</span> <span class='ocrx_word' id='word_1_139' title='bbox 373 2238 579 2273; x_wconf 83' lang='lat' dir='ltr'>Hermann:</span> <span class='ocrx_word' id='word_1_140' title='bbox 626 2239 691 2274; x_wconf 86' lang='lat' dir='ltr'>‘De</span> <span class='ocrx_word' id='word_1_141' title='bbox 719 2239 770 2274; x_wconf 86' lang='lat' dir='ltr'>Io.</span> <span class='ocrx_word' id='word_1_142' title='bbox 797 2240 874 2274; x_wconf 91' lang='lat' dir='ltr'>Nic.</span> <span class='ocrx_word' id='word_1_143' title='bbox 901 2240 1070 2284; x_wconf 86' lang='lat' dir='ltr'>Madrigii</span> <span class='ocrx_word' id='word_1_144' title='bbox 1096 2241 1392 2284; x_wconf 83' lang='lat' dir='ltr'>interpretatione</span> <span class='ocrx_word' id='word_1_145' title='bbox 1417 2243 1640 2285; x_wconf 86' lang='lat' dir='ltr'>quarundam</span> 
     </span>
     <span class='ocr_line' id='line_1_19' title="bbox 132 2293 1641 2343; baseline 0.004 -16"><span class='ocrx_word' id='word_1_146' title='bbox 132 2293 244 2328; x_wconf 88' lang='lat' dir='ltr'>verbi</span> <span class='ocrx_word' id='word_1_147' title='bbox 267 2293 370 2329; x_wconf 90' lang='lat' dir='ltr'>latini</span> <span class='ocrx_word' id='word_1_148' title='bbox 392 2295 607 2330; x_wconf 84' lang='lat' dir='ltr'>formarum&#39;.</span> <span class='ocrx_word' id='word_1_149' title='bbox 634 2295 734 2338; x_wconf 78' lang='lat' dir='ltr'>Quae</span> <span class='ocrx_word' id='word_1_150' title='bbox 759 2297 1018 2341; x_wconf 83' lang='lat' dir='ltr'>scriptiuncula</span> <span class='ocrx_word' id='word_1_151' title='bbox 1043 2302 1161 2333; x_wconf 80' lang='lat' dir='ltr'>exstat</span> <span class='ocrx_word' id='word_1_152' title='bbox 1185 2298 1221 2333; x_wconf 92' lang='lat' dir='ltr'>in</span> <span class='ocrx_word' id='word_1_153' title='bbox 1247 2298 1287 2333; x_wconf 88' lang='lat' dir='ltr'>G.</span> <span class='ocrx_word' id='word_1_154' title='bbox 1310 2299 1506 2334; x_wconf 85' lang='lat' dir='ltr'>Hermanni</span> <span class='ocrx_word' id='word_1_155' title='bbox 1533 2310 1641 2343; x_wconf 87' lang='lat' dir='ltr'>opus-</span> 
     </span>
     <span class='ocr_line' id='line_1_20' title="bbox 135 2350 739 2397; baseline 0.007 -14"><span class='ocrx_word' id='word_1_156' title='bbox 135 2351 296 2384; x_wconf 89' lang='lat' dir='ltr'>culorum</span> <span class='ocrx_word' id='word_1_157' title='bbox 321 2350 412 2386; x_wconf 90' lang='lat' dir='ltr'>libro</span> <span class='ocrx_word' id='word_1_158' title='bbox 438 2352 484 2386; x_wconf 91' lang='grc' dir='ltr'>ΙΙ.</span> <span class='ocrx_word' id='word_1_159' title='bbox 511 2363 546 2397; x_wconf 89' lang='lat' dir='ltr'>p.</span> <span class='ocrx_word' id='word_1_160' title='bbox 570 2353 739 2387; x_wconf 82' lang='lat'><strong>416—32.</strong></span> 
     </span>
    </p>
   </div>
   <div class='ocr_carea' id='block_1_4' title="bbox 133 2407 1639 2503">
    <p class='ocr_par' dir='ltr' id='par_1_6' title="bbox 133 2407 1639 2503">
     <span class='ocr_line' id='line_1_21' title="bbox 247 2407 1639 2454; baseline 0.006 -14"><span class='ocrx_word' id='word_1_161' title='bbox 247 2408 281 2452; x_wconf 89' lang='lat'>3)</span> <span class='ocrx_word' id='word_1_162' title='bbox 307 2407 517 2445; x_wconf 83' lang='lat' dir='ltr'>Luebbert:</span> <span class='ocrx_word' id='word_1_163' title='bbox 556 2410 642 2445; x_wconf 85' lang='lat' dir='ltr'>‘Der</span> <span class='ocrx_word' id='word_1_164' title='bbox 669 2410 881 2454; x_wconf 79' lang='lat' dir='ltr'>Conjunctiv</span> <span class='ocrx_word' id='word_1_165' title='bbox 909 2412 1064 2448; x_wconf 85' lang='lat' dir='ltr'>Perfecti</span> <span class='ocrx_word' id='word_1_166' title='bbox 1093 2413 1163 2447; x_wconf 87' lang='lat' dir='ltr'>und</span> <span class='ocrx_word' id='word_1_167' title='bbox 1189 2413 1252 2448; x_wconf 86' lang='lat' dir='ltr'>das</span> <span class='ocrx_word' id='word_1_168' title='bbox 1278 2413 1452 2448; x_wconf 87' lang='lat' dir='ltr'>Futurum</span> <span class='ocrx_word' id='word_1_169' title='bbox 1477 2420 1639 2450; x_wconf 84' lang='lat' dir='ltr'>exactum</span> 
     </span>
     <span class='ocr_line' id='line_1_22' title="bbox 133 2464 873 2503; baseline 0.007 -5"><span class='ocrx_word' id='word_1_170' title='bbox 133 2465 179 2498; x_wconf 89' lang='lat' dir='ltr'>im</span> <span class='ocrx_word' id='word_1_171' title='bbox 206 2464 367 2499; x_wconf 84' lang='lat' dir='ltr'>aelteren</span> <span class='ocrx_word' id='word_1_172' title='bbox 395 2466 546 2501; x_wconf 80' lang='lat' dir='ltr'>Latein’.</span> <span class='ocrx_word' id='word_1_173' title='bbox 595 2467 748 2502; x_wconf 85' lang='lat' dir='ltr'>Breslau</span> <span class='ocrx_word' id='word_1_174' title='bbox 776 2469 873 2503; x_wconf 82' lang='lat'>1867.</span> 
     </span>
    </p>
   </div>
   <div class='ocr_carea' id='block_1_5' title="bbox 134 2522 1640 2623">
    <p class='ocr_par' dir='ltr' id='par_1_7' title="bbox 134 2522 1640 2623">
     <span class='ocr_line' id='line_1_23' title="bbox 252 2522 1640 2572; baseline 0.004 -17"><span class='ocrx_word' id='word_1_175' title='bbox 252 2523 286 2564; x_wconf 88' lang='grc'>4)</span> <span class='ocrx_word' id='word_1_176' title='bbox 312 2522 414 2557; x_wconf 89' lang='lat' dir='ltr'>Alius</span> <span class='ocrx_word' id='word_1_177' title='bbox 441 2533 548 2565; x_wconf 84' lang='lat' dir='ltr'>quam</span> <span class='ocrx_word' id='word_1_178' title='bbox 573 2524 710 2567; x_wconf 86' lang='lat' dir='ltr'>primae</span> <span class='ocrx_word' id='word_1_179' title='bbox 736 2535 912 2569; x_wconf 85' lang='lat' dir='ltr'>personae</span> <span class='ocrx_word' id='word_1_180' title='bbox 937 2536 981 2561; x_wconf 86' lang='lat' dir='ltr'>ea</span> <span class='ocrx_word' id='word_1_181' title='bbox 1005 2527 1119 2561; x_wconf 90' lang='lat' dir='ltr'>solum</span> <span class='ocrx_word' id='word_1_182' title='bbox 1155 2528 1318 2571; x_wconf 77' lang='lat' dir='ltr'>exempla</span> <span class='ocrx_word' id='word_1_183' title='bbox 1351 2528 1474 2570; x_wconf 81' lang='lat' dir='ltr'>attuli,</span> <span class='ocrx_word' id='word_1_184' title='bbox 1509 2529 1640 2572; x_wconf 82' lang='lat' dir='ltr'>quibus</span> 
     </span>
     <span class='ocr_line' id='line_1_24' title="bbox 134 2577 641 2623; baseline 0.006 -12"><span class='ocrx_word' id='word_1_185' title='bbox 134 2577 336 2621; x_wconf 84' lang='lat' dir='ltr'>Madvigius</span> <span class='ocrx_word' id='word_1_186' title='bbox 361 2579 440 2623; x_wconf 83' lang='lat' dir='ltr'>ipse</span> <span class='ocrx_word' id='word_1_187' title='bbox 466 2590 550 2614; x_wconf 84' lang='lat' dir='ltr'>usus</span> <span class='ocrx_word' id='word_1_188' title='bbox 576 2585 641 2615; x_wconf 80' lang='lat' dir='ltr'>est.</span> 
     </span>
    </p>
   </div>
   <div class='ocr_carea' id='block_1_6' title="bbox 1321 2656 1366 2687">
    <p class='ocr_par' dir='ltr' id='par_1_8' title="bbox 1321 2656 1366 2687">
     <span class='ocr_line' id='line_1_25' title="bbox 1321 2656 1366 2687; baseline 0 -13"><span class='ocrx_word' id='word_1_189' title='bbox 1321 2656 1366 2687; x_wconf 68' lang='grc'>1*</span> 
     </span>
    </p>
   </div>
  </div>
 </body>
</html>
