1862 3010
769 175 1049 212 ...23—

158 285 220 325 vel
252 289 352 335 ‘post
384 298 457 336 eyn
485 284 640 336 fecero*
674 284 822 324 dilatio
855 285 1064 337 quaedam
1099 286 1329 339 conspicua
1361 288 1445 337 est,
1480 286 1662 339 denique

157 366 190 405 si
234 369 446 406 mutamus
485 368 634 404 ‘eadem
679 378 750 414 eyn
782 364 952 415 [ρων-ω’.
997 379 1144 405 rursus
1184 365 1269 405 alia
1308 379 1374 405 res
1416 369 1490 406 cst.
1552 365 1661 406 Illud

157 448 322 485 tantum
376 443 500 484 modo
552 444 774 496 quaeritur
825 444 936 485 unde
976 444 1084 484 haec
1124 444 1442 497 quadripartita
1484 445 1544 485 vis
1587 445 1662 485 du-

157 524 293 564 cenda
329 523 396 564 sit.
459 524 593 573 Quam
624 523 795 576 quidem
829 538 879 564 ex
910 524 1044 577 ipsius
1066 523 1183 564 verbi
1215 524 1353 564 forma
1384 524 1661 564 derivandam

155 617 246 643 esse
287 602 402 642 nullo
447 603 572 643 modo
615 602 770 643 adduci
812 617 984 657 possum
1026 607 1074 643 ut
1115 603 1286 644 credam
1331 631 1382 635 —
1425 604 1519 656 quis
1551 604 1661 644 enim

155 682 234 722 sibi
279 682 558 736 persuadebit
593 682 770 724 candem
814 682 995 723 formam
1027 686 1069 723 et
1111 683 1475 724 celeritatem
1508 686 1550 723 et
1580 683 1662 723 di-

152 763 445 814 lationem,
479 762 591 815 quod
622 776 756 816 paene
791 763 1052 804 contrarium
1083 767 1158 813 est,
1191 763 1431 816 significare
1464 767 1620 816 posse?

155 869 204 872 —
256 842 330 883 sed
377 846 451 883 aut
493 857 543 883 ex
584 842 798 883 adverbiis
852 842 935 883 illis
984 842 1271 896 proficiscitur
1319 846 1394 883 aut
1437 856 1487 882 ex
1530 843 1661 882 totius

151 923 359 963 enuntiati
377 923 530 963 colore.
578 922 647 961 Sic
679 922 964 975 intellegimus
999 936 1074 963 cur
1101 922 1275 963 eaedem
1299 922 1539 975 particulae
1558 922 1661 962 sim-

154 1003 252 1056 plici
287 1003 432 1043 futuro
465 1001 693 1042 adiunctae
727 1002 908 1042 eandam
940 1003 1022 1043 vim
1058 1002 1259 1043 habeant.

266 1082 349 1123 Sed
381 1081 592 1121 accedunt
623 1081 718 1122 alia.
781 1082 1021 1134 Madvigius
1063 1083 1161 1123 inde
1192 1082 1411 1136 profectus
1445 1085 1510 1121 est
1542 1082 1655 1134 quod

152 1162 342 1202 futurum
375 1164 572 1201 exactum
606 1161 660 1201 ab
704 1161 825 1201 initio
864 1162 1090 1202 relativam
1122 1162 1204 1202 vim
1246 1161 1449 1202 habuisse
1492 1162 1659 1212 statuit,

152 1241 344 1294 quamvis
380 1244 633 1293 argumento
667 1240 814 1282 addito
840 1242 968 1282 nullo.
1032 1242 1171 1294 Atque
1204 1241 1556 1295 comparantibus
1589 1255 1662 1280 no-

149 1321 213 1362 bis
259 1320 393 1361 futuri
438 1321 518 1361 vim
563 1325 604 1361 et
645 1321 778 1362 futuri
813 1321 953 1361 exacti
992 1321 1075 1361 vim
1110 1321 1336 1362 relativam
1378 1334 1551 1361 necesse
1597 1324 1662 1361 est

145 1392 263 1441 illam
296 1400 430 1440 videri
463 1400 788 1454 simpliciorem,
829 1400 941 1441 hanc
979 1400 1294 1454 impeditiorem
1338 1405 1467 1454 atque
1507 1400 1659 1442 diffici-

145 1480 306 1520 liorem.
348 1480 428 1521 Vix
455 1484 596 1521 autem
622 1480 849 1534 probabile
874 1484 938 1521 est
960 1480 1275 1534 impeditiorem
1304 1481 1659 1534 significationem

147 1574 238 1601 esse
270 1560 568 1612 antiquiorem,
601 1560 909 1613 simpliciorem
942 1564 1091 1601 contra
1114 1561 1407 1602 recentiorem.
1452 1560 1659 1601 Probabi-

153 1639 234 1679 lius
259 1642 373 1680 certe
408 1639 603 1680 alterum.
650 1640 693 1680 Si
712 1639 972 1692 Madvigium
1006 1640 1236 1693 sequimur,
1267 1641 1459 1692 cogimur
1483 1640 1659 1681 credere

153 1722 251 1759 ante
283 1719 481 1759 Plautum
515 1719 737 1760 relativam
770 1719 851 1759 vim
894 1720 935 1759 in
970 1719 1114 1760 futuro
1155 1724 1305 1761 exacto
1349 1720 1498 1770 fuisse,
1548 1720 1658 1760 hanc

153 1798 295 1839 Plauti
326 1798 591 1852 temporibus
623 1799 847 1852 paullatim
879 1799 1155 1840 obscuratam
1201 1813 1293 1840 esse
1335 1799 1468 1841 futuri
1500 1801 1658 1853 signifi-

148 1879 315 1918 catione
358 1878 613 1929 substituta,
665 1878 881 1919 Ciceronis
927 1883 1069 1920 autem
1120 1879 1388 1933 temporibus
1432 1880 1657 1934 pristinam

146 1958 228 1998 vim
275 1957 414 1998 denuo
453 1971 544 1998 esse
585 1957 936 2011 redintegratam.
999 1959 1168 2009 Quanto
1209 1959 1443 2012 simplicius
1476 1963 1540 2000 est
1571 1963 1657 2000 sta-

147 2041 281 2089 tuere,
313 2038 356 2077 in
382 2037 448 2078 his
480 2037 627 2078 formis
653 2038 874 2091 antiquam
908 2038 991 2079 vim
1021 2052 1113 2080 esse
1145 2042 1372 2090 servatam,
1402 2039 1501 2080 inde
1534 2039 1655 2092 paul*

147 2116 267 2157 latim
316 2116 498 2158 alteram
549 2131 641 2158 esse
686 2121 847 2169 ortam,
903 2132 1032 2171 quam
1071 2119 1352 2173 principalem
1395 2119 1521 2171 vulgo
1564 2133 1655 2160 esse

149 2199 357 2236 statuunt.
418 2196 527 2237 Nam
570 2198 741 2250 quantis
784 2197 978 2239 artificiis
1010 2198 1251 2251 Madvigius
1290 2213 1392 2240 usus
1421 2199 1476 2239 sit
1506 2199 1655 2239 rectis-

146 2275 249 2315 sime
268 2276 538 2317 Hermannus
561 2276 627 2316 his
651 2276 792 2317 verbis
824 2277 1102 2330 significavit:
1143 2278 1377 2319 ‘Nimirum'
1411 2278 1561 2332 inquit,
1594 2282 1655 2319 ‘ut

146 2354 285 2394 dicam
316 2354 430 2407 quod
461 2356 618 2397 sentio:
653 2370 743 2397 rem
766 2357 870 2397 satis
892 2357 1065 2410 planam
1087 2358 1151 2398 vir
1180 2358 1452 2399 doctissimus
1478 2358 1653 2398 nimium

148 2433 376 2475 dividendo
410 2434 797 2489 distinguendoque
828 2436 1092 2490 implicatam
1124 2437 1336 2478 reddidit'.

263 2513 397 2553 Simul
429 2517 571 2555 autem
600 2519 784 2556 mentem
817 2516 933 2557 subit
961 2517 1046 2558 alia
1083 2517 1317 2558 meditatio.
1375 2518 1418 2557 Si
1452 2517 1653 2558 Pseuduli

145 2591 283 2632 locum
327 2592 439 2633 hunc
470 2594 560 2646 (137)
594 2595 935 2636 consideramus:
999 2599 1145 2637 Lanios
1191 2600 1286 2636 inde
1327 2611 1569 2638 accensam.
