1862 3010
790 213 1045 247 -9—

167 326 407 365 certiorem.
440 347 492 352 -ψ
530 327 591 362 72.
625 325 718 362 ibid.
755 325 850 362 771).
915 321 991 362 Abi
1027 322 1172 362 modo:
1218 336 1295 373 ego
1327 322 1423 362 dum
1460 322 1584 367 abes,
1625 326 1671 362 ut

167 405 296 446 abeat
353 418 434 443 non
485 403 632 442 sinam.
694 402 777 441 ΤΗ.
829 401 939 442 lluc
991 415 1198 442 revenerm
1231 427 1285 431 —-
1323 406 1386 441 725.
1432 405 1525 442 ibid.
1574 406 1669 442 7258.

168 484 279 535 Quid
312 497 424 536 ages,
455 483 489 523 si
522 481 727 522 accedent
758 482 962 534 propius?
1019 481 1101 522 LA.
1144 481 1234 533 Ego
1265 495 1486 522 recessero.
1519 506 1574 511 »ψ
1609 485 1672 522 74.

167 567 288 604 Stich.
330 565 428 603 351.
492 564 604 615 Cape
645 561 740 601 illas
784 575 947 614 scopas
1011 561 1096 601 GE.
1159 561 1395 614 Capiam.
1457 561 1521 601 ΡΙ.
1567 560 1669 601 Hoc.

166 646 354 696 egomet,
397 646 443 683 tu
485 642 565 682 1100
609 655 822 682 converre.
886 641 971 682 GE.
1023 641 1112 694 Ego
1155 640 1359 681 fecero.
1389 666 1443 670 —
1473 645 1536 682 75.
1575 644 1668 681 ibid.

165 726 266 764 592.
328 721 491 776 Edepol
539 726 580 762 te
622 735 767 763 vocem
804 721 1023 771 lubenter,
1072 721 1105 761 si
1148 720 1354 774 superfiat
1392 720 1522 761 locus.
1584 720 1670 761 GE.

166 803 275 853 Quin
307 806 394 843 tum
429 806 547 843 stans
580 804 811 842 obstrusero
847 800 1011 854 aliquid
1042 804 1226 842 strenue.
1254 826 1309 831 —
1342 804 1405 841 76.
1439 803 1532 841 ibid.
1566 803 1669 841 b'Ob‘.

166 883 260 923 Non
288 886 335 923 tu
363 882 456 932 scis,
489 885 696 935 quantum
726 880 986 922 afflictentur
1016 880 1209 921 homines
1241 884 1369 922 noctu
1400 881 1469 921 hic
1499 880 1541 920 in
1574 880 1671 920 via‘?

166 963 247 1003 ΡΑ.
289 962 425 1002 'l‘anto
457 961 638 1015 plureis,
672 961 744 1014 qui
777 960 1030 1011 defendant,
1062 960 1123 1002 ire
1155 961 1384 1002 advorsum
1415 964 1584 1001 iussero.
1619 989 1671 993 --

168 1046 231 1082 77.
282 1045 390 1082 Trin.
435 1045 506 1082 (50.
570 1040 732 1094 Nempe
775 1041 885 1082 enim
931 1044 998 1091 tu,
1050 1040 1199 1091 credo,
1249 1055 1314 1081 me
1358 1040 1672 1094 imprudentem

166 1124 408 1172 obrepseris.
440 1146 496 1150 —
528 1124 592 1162 78.
633 1123 726 1162 ibid.
776 1123 875 1162 404.
956 1120 1110 1161 Hercle
1163 1121 1264 1173 quin
1313 1120 1451 1161 dicam
1507 1124 1672 1161 tamen:

168 1201 274 1242 Nam
307 1201 340 1241 si
373 1200 433 1241 sic
461 1215 544 1241 non
575 1200 733 1249 licebit,
764 1200 906 1242 luscus
939 1204 1096 1242 (livero.
1128 1226 1181 1230 ——
1214 1205 1277 1242 79.
1310 1203 1404 1242 ibid.
1434 1204 1536 1241 606.
1579 1199 1672 1240 Non

168 1280 372 1321 credibile
413 1280 530 1321 dicis.
591 1280 666 1322 ST.
712 1280 768 1321 At
808 1284 854 1321 tu
894 1280 1035 1321 nullus
1078 1279 1228 1334 edepol
1264 1280 1456 1321 creduas.
1518 1280 1561 1321 Si
1593 1280 1674 1321 hoc

167 1375 249 1401 non
285 1360 444 1410 credis,
489 1374 566 1413 ego
605 1364 833 1402 credidero.
895 1361 975 1401 CA.
1016 1359 1157 1410 Quid?
1204 1360 1279 1401 ST.
1322 1360 1390 1401 Me
1422 1360 1542 1400 nihili
1572 1374 1673 1413 pen-

168 1441 280 1481 dere.
314 1466 365 1470 —-
400 1444 464 1482 80.
507 1443 601 1481 ibid.
646 1443 745 1481 (524.
818 1440 954 1481 Celeri
1002 1439 1138 1493 gradu
1191 1443 1292 1481 eunt
1341 1443 1542 1493 uterque:
1603 1439 1673 1480 ille

169 1519 445 1574 reprehendit
483 1519 596 1561 hunc
641 1520 827 1573 priorem
866 1519 1008 1573 pallio.
1068 1520 1186 1561 Haut
1229 1520 1266 1561 ei
1307 1520 1531 1561 euscheme
1572 1520 1673 1561 asti-

168 1604 324 1641 terunt.
356 1599 458 1640 huc
495 1599 848 1652 aliquantum
879 1613 1129 1650 (istiscessero.
1174 1599 1229 1641 Es
1261 1599 1407 1641 lubido
1436 1600 1673 1641 orationem

172 1679 320 1720 audire
352 1679 531 1720 duorum
564 1678 779 1720 adfinium.
808 1704 863 1709 —
895 1683 960 1720 81.
993 1682 1087 1720 ibid.
1114 1683 1214 1721 (2⁸55.
1248 1680 1401 1721 Omnia
1432 1694 1510 1733 ego
1542 1680 1675 1721 istaec

170 1773 279 1812 quae
321 1762 366 1800 tu
410 1758 516 1799 dixti
560 1759 663 1809 scio,
717 1759 783 1800 vel
825 1762 1119 1811 eirsiynaverbt
1172 1759 1229 1800 Ut
1272 1774 1361 1800 rem
1403 1759 1589 1813 patriam
1633 1763 1675 1800 et

170 1838 348 1892 gloriam
395 1839 604 1879 maiorum
653 1838 861 1880 foedarim
902 1853 1054 1880 meum.
1087 1865 1138 1868 —
1169 1842 1233 1881 82.
1266 1842 1360 1880 ibid.
1403 1843 1503 1880 709.
1565 1838 1676 1889 Quid

170 1918 248 1959 tibi
280 1918 570 1972 interpellatio
591 1922 665 1959 aut
689 1918 732 1959 in
756 1918 980 1960 concilium
1003 1918 1087 1959 huc
1108 1919 1369 1960 accessiost?
1399 1919 1481 1960 LE.
1513 1918 1673 1959 Eodem

168 2002 295 2052 pacto
335 2012 418 2051 quo
457 1997 541 2039 huc
584 1998 765 2049 accessi,
810 2012 1059 2049 apscessero.
1091 2023 1147 2029 ——
1180 2002 1245 2040 83.
1278 2001 1372 2040 ibid.
1407 2002 1539 2039 1006.
1602 1998 1675 2039 Set

169 2078 264 2130 quis
294 2077 365 2118 hic
396 2081 482 2125 est,
526 2078 599 2131 qui
639 2078 722 2119 huc
761 2078 804 2119 in
835 2078 1023 2131 plateam
1057 2092 1278 2119 cursuram
1309 2078 1488 2132 incipit?
1535 2077 1675 2119 Lubet

170 2156 417 2207 observare,
476 2157 578 2210 quid
629 2161 749 2211 agat:
802 2157 885 2199 huc
932 2172 1181 2199 concessero.
1215 2183 1269 2187 -—
1299 2162 1365 2200 84.
1413 2161 1531 2199 Truc.
1572 2161 1672 2199 546.

172 2236 328 2277 Verum
360 2236 511 2288 abibo,
553 2237 656 2290 quid
687 2237 778 2278 ais?
821 2252 920 2279 num
952 2242 999 2279 tu
1029 2252 1112 2279 non
1145 2238 1282 2288 nevis,
1328 2237 1526 2292 voluptas
1566 2251 1673 2288 mea,

171 2316 262 2365 Quo
295 2320 471 2357 vocatus
502 2331 594 2357 sum
621 2317 683 2357 ire
715 2317 769 2358 ad
801 2331 947 2358 cenam
961 2322 979 2358 ἱ)
1010 2331 1127 2358 111οΧ
1159 2317 1242 2359 huc
1261 2317 1452 2359 cubitum
1469 2318 1672 2370 venerol).

172 2419 223 2424 —-
256 2398 321 2436 85.
356 2398 449 2437 ibid.
484 2399 580 2437 85¹3.
640 2397 750 2438 Num
792 2396 894 2450 quid
935 2397 1027 2438 vis?
1087 2397 1172 2437 PH.
1216 2397 1302 2438 Fac
1342 2397 1455 2438 visas
1482 2410 1560 2437 me.
1604 2396 1673 2436 DI.

171 2473 337 2527 Operae
367 2474 425 2514 mi
455 2475 528 2516 ubi
558 2475 649 2526 erit,
682 2476 737 2517 ad
768 2480 810 2518 te
842 2491 1000 2518 venero.
1033 2501 1088 2507 —

287 2588 317 2630 1)
346 2587 400 2621 De
434 2587 545 2622 futuri
580 2589 725 2624 secundi
762 2588 878 2624 forma
920 2595 1084 2624 constare
1131 2590 1282 2625 videtur.
1328 2599 1455 2625 venero
1493 2589 1667 2633 Buggius;

171 2644 270 2678 inero
298 2645 410 2685 BCD3
436 2644 511 2678 iero
538 2644 585 2688 F,·
610 2645 706 2679 ivero
732 2646 776 2687 Z;
807 2645 947 2680 rediero
975 2647 1197 2682 Fleckeiseir
