2912 4368
1521 820 1803 858 -13-

911 935 1003 971 555.
1072 930 1193 971 Nunc
1244 933 1387 970 tamen
1425 931 1591 971 interea
1639 930 1693 971 ad
1745 931 1841 972 med
1883 931 1966 972 huc
2008 931 2184 971 invisam
2230 931 2412 973 domum.

909 1011 1032 1052 Most.
1067 1014 1159 1052 (383.
1221 1010 1310 1050 Erro
1344 1010 1412 1050 hic
1443 1011 1668 1064 tantisper,
1701 1011 1800 1051 dum
1833 1012 1933 1063 exis,
1965 1015 2007 1052 te
2040 1012 2251 1065 opperiar.
2311 1011 2412 1052 ibid.

912 1095 1032 1132 1004.
1094 1090 1184 1143 Ego
1216 1090 1387 1130 interim
1420 1103 1539 1131 aram
1573 1090 1685 1131 hanc
1717 1091 1949 1144 occupabo.
2010 1092 2135 1132 Poen.
2168 1094 2261 1132 417.
2322 1091 2413 1144 Ego

906 1171 1021 1211 intus
1052 1170 1223 1210 interim
1263 1173 1384 1210 tuum
1417 1170 1635 1211 exornabo
1675 1169 1858 1211 vilicum.
1920 1171 2041 1211 Truc.
2074 1174 2167 1212 209.
2229 1171 2319 1224 Ego
2351 1171 2413 1211 in-

906 1250 1032 1290 terim
1064 1250 1134 1290 hic
1171 1249 1286 1303 apud
1325 1263 1398 1290 vos
1429 1249 1670 1303 opperibor.
1731 1249 1832 1291 ibid.
1867 1254 1959 1291 715.
2021 1250 2111 1303 Ego
2142 1251 2313 1292 interim
2343 1250 2412 1291 hic

908 1330 988 1383 (ita
1016 1330 1133 1384 libri)
1253 1329 1521 1383 praesidebo.
1554 1355 1609 1358 —
1637 1329 1854 1383 Exemplis
1878 1333 2020 1371 autem
2049 1344 2158 1383 quae
2187 1333 2286 1371 sunt
2317 1330 2412 1371 ‘huc

906 1394 1169 1451 concessero*
1213 1413 1255 1450 et
1288 1410 1443 1450 similia
1484 1422 1651 1463 oppono
1691 1409 1820 1450 haec:
1862 1409 2017 1450 Bacch.
2058 1413 2150 1450 010.
2213 1409 2296 1450 Sed
2327 1410 2411 1451 huc

907 1490 1151 1530 concedam.
1214 1489 1306 1530 Cas.
1341 1492 1433 1530 330.
1495 1490 1550 1530 At
1580 1490 1665 1529 iam
1694 1488 1925 1529 concedam
1957 1489 2061 1530 huc:
2094 1488 2221 1529 audio
2252 1490 2411 1542 aperiri

905 1569 1018 1610 fores
1051 1570 1162 1610 Hinc
1201 1583 1251 1610 ex
1283 1569 1449 1610 insidiis
1486 1569 1604 1609 hisce
1646 1582 1723 1622 ego
1764 1568 1942 1609 insidias
1973 1568 2098 1609 dabo.
2159 1568 2281 1621 Epid.
2320 1572 2410 1609 103.

904 1650 999 1690 Huc
1032 1649 1274 1690 concedam.
1336 1649 1459 1689 Most.
1492 1652 1586 1690 429.
1648 1648 1887 1689 Concedam
1922 1662 1947 1689 a
1984 1648 2146 1689 foribus
2178 1648 2282 1699 11110,
2313 1648 2412 1688 111110

904 1730 1162 1783 speculabor
1201 1729 1363 1783 procul.
1423 1729 1525 1772 ibid.
1568 1732 1659 1769 517.
1721 1729 1933 1769 Accedam
1974 1729 2068 1769 11110.
2121 1728 2272 1769 Pseud.
2315 1732 2409 1768 414.

903 1810 1026 1849 Nunc
1057 1810 1140 1850 11110
1172 1809 1404 1850 concedam
1433 1812 1481 1849 ut
1511 1808 1664 1849 horum
1691 1822 1929 1850 sermonem
1960 1809 2111 1861 legam.
2174 1807 2280 1848 liud.
2313 1811 2407 1849 480.

905 1889 1116 1930 Accedam
1149 1889 1233 1930 huc
1269 1889 1324 1929 ad
1356 1889 1674 1929 foris—-Haec
1707 1889 1903 1941 exempla
1935 1888 2146 1941 quomodo
2180 1901 2204 1927 a
2233 1891 2298 1928 83.
2331 1887 2410 1927 dif-

903 1969 1049 2009 ferant
1076 1972 1208 2018 (lubes
1240 1972 1457 2009 observare
1490 1972 1588 2019 quid
1617 1976 1735 2019 (lyces.
1774 1972 1852 2008 leuc
1883 1975 2146 2016 concessero)
2183 1981 2266 2007 non
2305 1967 2409 2007 satis

902 2049 1116 2101 intellego.
1177 2050 1329 2102 Itaque
1366 2049 1435 2089 vix
1466 2048 1647 2089 refutari
1691 2049 1871 2101 poterit.
1914 2048 1985 2101 qui
2026 2047 2256 2088 contendat
2287 2046 2408 2086 Mad-

902 2130 1097 2182 vigianae
1129 2130 1308 2170 rationis
1340 2129 1639 2169 necessitatem
1662 2142 1754 2169 esse
1785 2128 1958 2178 nullam,
1991 2142 2084 2167 cum
2118 2127 2276 2179 ubique
2310 2127 2408 2167 sim·
2685 2129 2688 2223 ἱ

902 2209 1024 2262 plicis
1053 2208 1186 2250 futuri
1216 2209 1333 2249 notio
1366 2212 1469 2261 apta
1500 2209 1566 2249 sit.
1597 2234 1653 2238 —
2686 2210 2692 2274 ,1

1014 2290 1062 2329 111
1100 2290 1278 2330 tertio
1320 2302 1523 2342 genere
1565 2288 1797 2328 celeritatis
1829 2287 1895 2328 vel
1937 2287 2011 2328 ‘rei
2052 2300 2188 2340 paene
2229 2286 2313 2326 iam
2355 2285 2409 2326 ad

904 2370 1064 2409 exitum
1096 2369 1344 2423 perductae’
1385 2369 1549 2410 notatio
1582 2368 1736 2421 agitur.
1798 2367 2006 2420 Exempla
2038 2370 2137 2407 sunt
2170 2370 2204 2406 7.
2245 2369 2311 2406 44.
2344 2368 2407 2406 51.

903 2453 966 2490 03.
1003 2449 1064 2490 De
1096 2448 1523 2503 promittentibus
1553 2451 1595 2489 et
1625 2447 1931 2488 minantibus
1954 2447 2062 2487 haec
2079 2446 2199 2500 ponit
2214 2444 2410 2498 exempla

901 2529 1122 2570 Plautina:
1158 2533 1220 2571 15.
1249 2533 1314 2570 20.
1338 2532 1403 2570 22.
1432 2532 1496 2569 35.
1520 2532 1584 2569 42.
1640 2527 1848 2581 Exempla
1875 2526 2079 2580 simplicis
2102 2526 2235 2566 futuri
2258 2525 2408 2565 eadem

900 2610 1071 2649 notione
1102 2609 1279 2662 insignis
1310 2608 1482 2662 profero
1515 2608 1645 2648 haec:
1688 2607 1837 2660 Amph.
1858 2610 1950 2647 348.
1994 2606 2084 2658 Ego
2105 2605 2184 2645 tibi
2216 2605 2300 2645 iam
2332 2604 2406 2644 ho-

901 2688 968 2728 die
1001 2689 1226 2730 scelestam
1259 2689 1537 2742 comprimam
1568 2688 1769 2740 linguam.
1826 2686 1927 2727 ibid.
1975 2689 2066 2726 381.
2123 2684 2265 2725 Etiam
2298 2687 2407 2724 mut-

900 2769 987 2809 tis?
1048 2769 1133 2809 iam
1172 2769 1337 2810 tacebo.
1408 2768 1510 2809 ibid.
1555 2771 1648 2809 543.
1710 2766 1790 2808 Α111
1832 2779 1958 2820 prae,
2003 2764 2136 2805 Sosia.
2198 2764 2288 2804 Iam
2331 2777 2407 2816 ego

903 2862 1070 2901 sequar.
1132 2849 1232 2889 ibid.
1266 2853 1358 2890 550.
1419 2849 1508 2889 Iam
1552 2847 1723 2901 quidem
1754 2846 1898 2887 hercle
1931 2859 2007 2897 ego
2040 2844 2118 2885 tibi
2149 2844 2275 2884 istam
2309 2844 2407 2883 Sce-

900 2928 1076 2979 lestam,
1118 2929 1276 2980 scelus,
1317 2929 1507 2981 linguam
1548 2927 1779 2968 abscidam.
1850 2925 1951 2966 ibid.
1995 2928 2087 2966 770.
2156 2926 2288 2974 Quem
2330 2937 2408 2976 ego

900 3009 985 3049 iam
1016 3008 1085 3049 1110
1118 3009 1365 3049 convincam
1397 3008 1553 3061 palam.
1615 3006 1716 3047 ibid.
1760 3009 1853 3047 800.
1913 3006 2003 3045 Iam
2036 3018 2086 3044 ex
2119 3004 2335 3044 Naucrate
2365 3002 2408 3042 id

901 3092 1081 3140 cognato
1114 3102 1368 3141 cognoscam
1397 3101 1501 3128 meo.
1563 3086 1664 3127 ibid.
1705 3088 1823 3127 1030.
1887 3086 2019 3135 Quem
2062 3084 2133 3137 pol
2172 3096 2247 3136 ego
2280 3082 2407 3123 hodie

901 3168 954 3207 ob
996 3169 1130 3208 istaec
1175 3168 1289 3208 dicta
1332 3167 1486 3207 faciam
1530 3167 1764 3206 ferventem
1807 3165 1964 3217 flagris.
2026 3164 2094 3204 As.
2130 3166 2222 3204 007.
2284 3162 2408 3214 Apud

902 3251 1055 3287 (11·011111
1091 3252 1132 3287 te
1166 3247 1339 3288 videbo:
1384 3247 1490 3286 Nam
1529 3246 1726 3298 equidem
1759 3259 1824 3285 me
1856 3246 1939 3285 iam
1972 3247 2179 3296 qnantum
2210 3244 2350 3295 potest
2384 3255 2408 3280 a
