1862 3010
800 181 1085 218 -12-

189 291 313 332 mode
345 291 632 345 (permissivo)
665 290 781 332 dicta
811 295 976 344 putent,
1008 291 1262 332 adversante
1295 292 1460 344 primae
1489 305 1702 344 personae

189 386 282 413 usu.
342 370 476 412 Nemo
511 371 622 412 enim
649 371 775 425 legit:
836 371 940 424 ‘Ego
971 370 1161 412 viderim'
1192 370 1236 412 id
1267 374 1351 422 est,
1391 370 1615 425 permitte,
1655 373 1704 412 ut

191 465 268 505 ego
292 450 472 492 videam.
496 477 551 481 —
573 451 641 492 VI.
661 450 784 501 Quod
805 450 894 492 dixi
920 450 972 492 de
993 451 1166 492 notione
1189 450 1371 492 aetionis
1402 451 1574 492 futurae
1607 464 1703 492 cum

190 531 329 572 altera
360 531 546 584 quodam
580 530 706 572 modo
745 544 980 582 connexae,
1024 530 1069 572 id
1099 531 1284 572 maxime
1313 530 1358 571 in
1387 530 1439 571 iis
1468 530 1574 572 locis
1605 544 1704 572 con-

186 611 397 662 firmatur,
429 610 503 652 ubi
534 610 586 652 de
620 610 789 652 actione
820 610 1002 652 alteram
1034 610 1325 664 subsequente
1355 610 1548 652 futurum
1578 624 1703 652 exac-

188 694 281 732 tum
312 690 489 741 dicitur,
522 693 575 732 ut
604 690 690 732 iam
719 705 803 732 non
831 690 957 732 modo
988 690 1214 745 praeteriti
1243 690 1349 731 nihil
1379 691 1423 731 in
1455 704 1500 732 se
1530 689 1704 741 habeat,

190 770 265 812 sed
305 770 524 812 ulterioris
562 770 697 813 futuri
736 771 831 813 loco
871 771 938 812 sit.
1008 769 1264 812 Huiusmodi
1305 770 1414 811 haec
1450 773 1549 811 sunt
1588 769 1704 824 apud

190 850 411 892 Plautum:
454 854 519 892 33.
560 854 626 893 46.
670 855 734 893 50.
769 851 846 893 60?
877 876 931 881 —
963 850 1042 892 His
1077 864 1152 892 sex
1195 849 1404 892 classibus
1444 850 1566 904 quasi
1609 864 1702 904 sep-

190 931 340 972 timam
373 930 495 972 addit
525 931 591 973 his
637 931 803 973 verbis:
866 931 1020 984 ‘Atque
1060 930 1168 972 haec
1206 930 1259 972 de
1300 929 1456 984 quibus
1495 930 1704 971 hactenus

191 1011 302 1062 dixi,
345 1011 401 1052 ad
440 1015 560 1052 certa
601 1025 760 1065 genera
790 1011 851 1052 sic
879 1011 1075 1052 revocari
1109 1014 1334 1065 poterant,
1375 1013 1424 1052 ut
1460 1009 1704 1064 proprietas

192 1090 405 1145 quaedam
436 1091 571 1132 futuri
602 1091 744 1132 exacti
773 1094 1025 1145 appareret,
1067 1091 1147 1132 etsi
1186 1090 1419 1132 tenendum
1464 1093 1548 1141 est,
1595 1089 1704 1131 adeo

194 1186 290 1213 eam
322 1171 521 1225 exiguam
551 1185 666 1222 esse,
707 1174 775 1223 ut,
819 1171 1019 1213 ommissa
1055 1170 1138 1212 levi
1179 1170 1254 1212 illa
1289 1170 1612 1224 significationis
1639 1169 1703 1210 in-

191 1251 388 1303 flexione,
421 1251 618 1293 omnibus
645 1251 751 1293 locis
781 1251 885 1305 poni
915 1251 1106 1305 potuerit
1135 1250 1327 1292 futurum
1359 1250 1557 1304 simplex,
1589 1248 1703 1303 quod

190 1331 368 1373 infinitis
397 1331 503 1373 locis
529 1331 657 1385 plane
683 1331 893 1373 similibus
912 1331 1099 1385 ponitur.
1154 1331 1214 1372 Ac
1239 1334 1504 1384 postremum
1530 1329 1703 1383 quidem

192 1425 325 1466 genus
357 1411 500 1453 nescio
533 1425 587 1452 an
618 1411 780 1453 rectius
812 1411 1063 1453 exclusurus
1093 1411 1264 1462 fuerim,
1296 1410 1497 1464 quoniam
1528 1409 1590 1450 illi
1620 1409 1704 1450 loci

191 1505 404 1546 perparvo
426 1491 670 1533 discrimine
693 1494 736 1533 et
757 1491 942 1533 fortasse
966 1505 1068 1533 casu
1092 1490 1297 1532 differunt
1319 1490 1373 1532 ab
1393 1490 1456 1541 iis,
1485 1490 1530 1530 in
1548 1488 1704 1543 quibus

191 1571 319 1626 plane
359 1585 438 1626 pro
469 1572 616 1613 futuro
647 1571 831 1625 simplici
861 1571 1036 1626 ponitur
1068 1574 1279 1612 exactum.
1339 1570 1435 1611 Huc
1466 1569 1578 1611 enim
1610 1583 1705 1611 sen-

193 1652 273 1693 sim
302 1651 478 1693 licentia
518 1655 560 1693 et
597 1651 754 1693 oblivio
787 1650 1110 1706 significationis
1141 1650 1347 1705 temporis
1378 1649 1605 1705 praeteriti
1635 1664 1706 1690 ex-

193 1732 341 1783 cessit,
383 1731 481 1782 sed,
519 1735 567 1773 ut
597 1731 788 1783 videtur,
827 1731 871 1772 in
912 1731 1053 1786 prima
1091 1734 1258 1773 tantum
1299 1743 1496 1785 persona.
1558 1729 1706 1782 Neque

192 1812 345 1866 negari
373 1811 461 1854 ullo
493 1811 620 1853 modo
650 1815 816 1866 potest,
859 1812 1087 1866 separatis,
1128 1825 1235 1865 quos
1273 1810 1418 1866 posui,
1459 1809 1565 1851 locis
1597 1811 1640 1850 et
1670 1809 1706 1850 si

194 1892 266 1945 qui
309 1891 468 1934 similes
510 1895 630 1943 sunt,
673 1905 876 1945 magnum
918 1894 1063 1932 tamen
1102 1891 1287 1945 relinqui
1325 1904 1550 1931 numerum
1590 1888 1706 1942 apud

192 1971 404 2022 Plautum,
435 1971 665 2013 nonnullos
696 1971 811 2025 apud
842 1971 1101 2022 Terentium,
1131 1971 1175 2011 in
1204 1970 1359 2024 quibus
1390 1969 1553 2011 nullum
1583 1982 1705 2022 pror-

193 2066 265 2094 sus
297 2051 526 2094 discrimen
573 2051 799 2106 utriusque
838 2050 973 2093 futuri
1013 2053 1235 2105 appareat.
1278 2050 1328 2091 cf.
1362 2053 1398 2091 2.
1431 2053 1467 2090 3.
1501 2053 1536 2091 5.
1569 2053 1606 2091 9.
1643 2051 1705 2089 14.

197 2136 260 2174 18.
306 2135 369 2174 19.
408 2136 473 2174 23.
514 2135 580 2174 24.
624 2135 689 2173 28.
732 2135 797 2174 30.
842 2134 907 2173 36.
940 2135 1006 2173 39.
1047 2134 1113 2172 40.
1145 2133 1211 2172 43.
1244 2133 1309 2171 47.
1342 2133 1407 2172 49.
1442 2132 1506 2171 52.
1543 2132 1607 2171 53.
1640 2131 1705 2170 54.

195 2216 260 2254 55.
294 2215 359 2254 57.
392 2215 457 2254 58.
491 2215 556 2254 67.
593 2215 657 2253 71.
691 2215 755 2253 73.
789 2214 853 2253 74.
887 2214 952 2253 75.
987 2214 1052 2253 76.
1086 2214 1150 2251 77.
1184 2213 1249 2252 78.
1280 2213 1346 2252 81.
1380 2236 1430 2241 -ω

906 2406 928 2460 ξ
961 2407 996 2446 3.

302 2530 471 2572 'Contra
500 2530 612 2572 hanc
633 2530 838 2584 Madvigii
869 2529 1108 2571 doctrinam
1136 2529 1286 2583 paucis
1313 2528 1506 2583 disputat
1526 2528 1561 2570 G
1577 2542 1600 2569 o
1614 2527 1706 2569 do-

196 2610 245 2652 fr
258 2624 280 2651 e
293 2609 320 2651 d
331 2624 360 2652 u
372 2624 390 2651 s
430 2611 469 2651 H
484 2625 506 2651 e
518 2624 539 2651 r
550 2624 591 2651 m
605 2624 630 2651 a
644 2624 670 2650 n
682 2625 709 2650 Π
722 2625 750 2651 u
765 2625 784 2650 s
829 2609 923 2651 loco
964 2623 1095 2663 supra
1136 2612 1469 2650 commemorato
1483 2623 1492 2660 3
1534 2622 1586 2648 ex
1622 2620 1708 2661 qua
