1862 3010
729 198 1010 237 -17-

120 312 358 365 Madvigius
398 312 524 352 etiam
565 309 828 350 differendae
858 322 987 349 curae
1029 322 1160 349 causa
1200 308 1389 349 futurum
1424 311 1621 348 exactum

119 393 241 445 poni,
283 391 463 444 simplex
494 390 685 430 futurum
727 389 769 428 111
801 388 867 428 his
896 388 1067 441 repperi
1096 388 1301 440 exemplis
1331 387 1624 440 Madvigiano·

120 485 216 512 rum
248 468 558 524 persimilibus:
600 467 755 509 Bacch.
788 471 853 509 97.
905 466 1135 520 Opsonabo
1164 479 1264 519 ego:
1302 480 1401 507 nam
1429 465 1474 506 id
1503 465 1625 519 fiagi-

119 552 225 592 tium
267 550 342 600 sit,
382 562 478 590 mea
519 552 561 589 te
605 547 745 601 gratia
777 579 807 587 ..
839 546 929 587 ibid
975 549 1068 587 227.
1139 545 1219 587 Abi
1260 546 1396 587 intro:
1438 559 1514 599 ego
1557 545 1627 586 hic

123 633 287 679 curato,
324 632 371 670 tu
401 629 515 669 intus
547 627 689 668 dicito.
721 626 822 667 ibid.
859 629 977 667 1153.
1019 626 1182 666 'l'aceas
1299 639 1377 679 ego
1399 625 1514 678 quod
1539 625 1627 666 dixi

122 709 328 753 ecficiam.
389 708 510 762 Epid.
544 711 637 749 601.
697 706 821 748 Habe
859 706 1047 747 animum
1087 706 1265 756 bonum,
1303 719 1381 759 ego
1411 705 1529 746 illam
1561 718 1627 746 10-

120 789 295 843 periam.
356 787 458 828 ihid.
501 791 594 829 619.
662 786 785 828 Habe
826 787 1014 827 animum
1054 785 1235 826 bonum:
1268 818 1303 828 ..
1336 798 1415 839 ego
1455 788 1499 826 te
1540 798 1628 826 ser-

120 868 243 909 vabo.
276 893 329 897 —
367 867 510 908 Persa.
556 870 647 907 320.
709 866 799 919 Ego
839 866 1036 907 reiciam:
1076 865 1189 905 habe
1231 865 1418 906 animum
1457 864 1628 905 bonum.

124 948 275 989 Pseud.
310 950 404 988 232.
465 946 532 987 Nil
567 946 773 987 curassis:
812 944 1011 999 liquido's
1055 945 1208 985 animo.
1261 958 1339 998 ego
1379 958 1458 998 pro
1490 958 1557 985 me
1588 947 1631 984 et

121 1041 200 1082 pro
231 1031 275 1068 te
308 1026 480 1068 curabo.
515 1051 568 1055 —-
598 1025 702 1066 ibid.
735 1029 827 1066 733.
889 1026 979 1078 Ego
1011 1024 1135 1075 dabo,
1165 1038 1218 1065 ne
1249 1038 1410 1077 quaere
1441 1023 1625 1065 aliunde.

123 1133 178 1138 —
207 1107 314 1148 Rud.
348 1110 440 1148 691.
503 1105 657 1147 Sedete
676 1105 746 1146 hic
763 1105 904 1156 modo,
937 1119 1014 1158 ego
1045 1105 1145 1146 111110
1168 1118 1241 1146 vos
1272 1108 1417 1145 tamen
1437 1103 1628 1145 tutabor.

125 1213 178 1217 —-
215 1187 379 1237 Quibus
411 1185 616 1240 exemplis
651 1185 736 1225 alia
761 1184 862 1225 addi
894 1188 1083 1237 possunt.
1145 1184 1341 1225 Concedo
1371 1197 1456 1224 non
1486 1184 1628 1224 omnia

124 1281 216 1307 esse
245 1280 423 1320 prorsus
453 1266 588 1319 paria,
624 1269 768 1305 tamen
798 1264 904 1305 nihil
936 1264 1126 1315 interest,
1158 1267 1302 1304 utrum
1334 1263 1419 1304 duo
1450 1263 1516 1304 vel
1547 1263 1632 1304 tria

124 1347 298 1387 eximas.
359 1345 425 1386 Ab
474 1345 540 1385 his
586 1343 814 1398 exemplis,
869 1344 903 1384 si
946 1343 1278 1397 proficiscimur,
1324 1346 1439 1384 certe
1485 1342 1528 1383 id
1571 1343 1633 1382 in-

123 1425 386 1479 tellegimus,
430 1424 636 1477 Madvigii
677 1424 888 1465 rationem
929 1423 1172 1477 explicandi
1213 1437 1292 1477 per
1333 1437 1376 1464 se
1414 1436 1498 1463 non
1542 1435 1634 1463 esse

128 1505 442 1557 necessariam3
484 1518 580 1545 nam
617 1504 829 1544 sententia
868 1503 1049 1557 simplex
1088 1503 1279 1544 futurum
1321 1502 1530 1553 admittit,
1570 1502 1634 1542 fu-

131 1588 277 1626 turum
312 1587 511 1625 exactum
543 1587 685 1624 autem
711 1583 914 1636 simplicis
946 1583 1029 1623 vim
1059 1582 1220 1623 habere
1250 1597 1376 1636 posse
1407 1583 1498 1636 ipse
1516 1582 1635 1623 Mad-

133 1664 269 1716 vigius
310 1667 462 1704 auctor
494 1666 569 1704 est.
630 1662 714 1703 Sed
744 1662 852 1703 haec
882 1662 1111 1713 hactenus,
1151 1662 1281 1716 paulo
1312 1666 1410 1716 post
1440 1662 1495 1702 ad
1526 1662 1637 1702 hanc

131 1743 429 1796 quaestionem
460 1742 623 1784 redibo.
659 1767 714 1773 —

245 1823 503 1864 Transeunti
553 1821 656 1863 mihi
697 1821 753 1863 ad
793 1825 1052 1875 quartum
1094 1821 1300 1874 Madvigii
1339 1834 1510 1874 genus
1548 1820 1637 1861 fere

130 1903 243 1944 idem
265 1902 491 1944 dicendum
513 1902 694 1952 videtur,
727 1902 842 1954 quod
873 1901 924 1942 de
955 1902 1116 1955 quinto.
1159 1901 1274 1942 Dicit
1306 1901 1416 1942 enim
1445 1900 1638 1942 futurum

132 1986 330 2023 exactum
360 1982 462 2036 poni
484 1982 536 2022 de
567 1995 629 2033 eo,
662 1981 776 2035 quod
803 1982 898 2035 quis
928 1981 1113 2032 interim,
1145 1980 1245 2022 dum
1267 1980 1384 2021 aliud
1415 1980 1519 2034 quid
1550 1980 1638 2030 fiat,

131 2061 563 2115 aliquantisper
604 2061 748 2102 faciat.
810 2061 922 2102 Huic
953 2060 1099 2114 generi
1131 2063 1294 2114 septem
1327 2060 1444 2101 locos
1475 2060 1637 2101 Plauti-

132 2155 210 2182 nos
243 2142 405 2183 addicit
435 2143 520 2195 (10.
554 2144 618 2183 29.
640 2142 671 2194 ¹)
702 2145 768 2182 41.
800 2145 866 2182 45.
899 2144 964 2181 66.
995 2144 1061 2181 80.
1094 2141 1178 2194 83).
1240 2139 1448 2193 Exempla
1477 2140 1638 2193 simpli-

137 2221 196 2261 cis
228 2221 362 2262 futuri
392 2221 501 2261 haec
532 2233 837 2261 commemoro·.
884 2219 1004 2261 Cure.
1037 2223 1130 2260 466.
1176 2219 1287 2260 Dum
1318 2219 1388 2260 hic
1419 2219 1640 2272 egreditur

133 2299 263 2351 foras,
296 2300 651 2341 commonstrabo.
702 2299 811 2341 Men.
842 2304 937 2341 439.
983 2300 1075 2341 Hoc
1106 2313 1262 2353 ponam
1280 2299 1464 2341 interim.
1510 2298 1638 2340 Merc.

228 2506 259 2548 1)
281 2504 396 2538 Addit
419 2505 642 2549 Madvigius:
679 2505 759 2540 ‘etsi
785 2505 835 2539 ibi
853 2510 930 2539 ‘non
956 2510 1026 2539 tam
1054 2504 1124 2538 hoc
1159 2504 1255 2538 dicit’
1279 2504 1402 2538 ‘abibo
1440 2503 1643 2548 paulisper'

135 2571 244 2604 quam
272 2560 340 2595 1100
361 2561 468 2595 ‘nunc
493 2562 612 2605 abibo,
637 2562 700 2596 sed
726 2567 808 2605 post
832 2561 979 2596 redibo’.
1021 2561 1124 2602 Quod
1149 2561 1206 2594 vix
1232 2564 1330 2595 recte
1353 2560 1557 2595 intellexit:
1599 2560 1644 2594 de

134 2617 319 2651 redeundo
345 2628 408 2651 cur
433 2619 621 2661 cogitetur,
646 2629 716 2652 non
744 2628 931 2661 assequor.

1342 2676 1362 2707 2
