1862 3010
793 187 1048 226 -4-

163 303 211 341 ut
242 298 466 353 sit—21).
499 301 594 340 ibid.
629 300 728 340 929.
788 298 923 340 Iuben
959 312 1026 340 me
1064 298 1126 339 ire
1168 298 1375 339 comites?
1416 297 1559 338 Sanan
1599 298 1673 339 es‘?

164 379 209 421 Si
231 393 315 421 non
334 379 456 420 iubes
484 378 542 420 Ib
557 392 581 420 o
607 382 797 432 egomet:
829 378 1028 420 comitem
1049 377 1154 420 mihi
1175 377 1428 432 pudicitiam
1451 381 1608 419 duxero
1625 377 1672 430 ⁴2).

163 484 219 489 —-
250 462 286 500 3.
318 462 414 501 ibid.
449 462 550 500 999.
594 459 822 512 Capiam
853 471 1055 500 coronam
1085 457 1144 499 mi
1174 457 1218 498 in
1249 460 1391 510 caput,
1423 457 1674 498 adsimu-

163 539 296 580 labo
336 553 403 580 me
445 552 537 580 esse
583 538 749 581 ebrium
779 539 922 592 Atque
972 537 1074 579 illuc
1124 551 1294 579 sursum
1343 536 1674 578 escendero:

164 619 266 660 inde
290 622 465 673 optume
496 618 774 673 aspellam
804 618 942 660 virum
966 618 1030 659 De
1058 630 1226 671 supero,
1259 629 1387 670 quom
1416 616 1501 658 huo
1532 629 1675 658 acces-

165 699 292 741 serit:
333 699 540 740 faciam
570 701 619 740 ut
648 698 704 740 sit
733 697 931 739 madidus
962 697 1269 739 sobrius—4.
1305 700 1371 738 As.
1404 698 1505 737 280.
1566 696 1675 737 Eros

162 780 206 820 in
242 779 464 821 obsidione
493 778 734 832 linquet,
766 778 986 819 inimicum
1017 777 1182 818 animos
1214 779 1391 818 auxerit.
1426 800 1478 806 —-
1511 779 1547 817 5.
1578 778 1673 817 ibid.

166 862 266 901 326.
328 859 503 900 Placide
537 872 636 912 ergo
669 872 802 900 unum
842 856 1053 912 quidquid
1097 856 1262 910 rogita,
1304 859 1353 897 ut
1385 855 1674 909 adquiescam.

163 953 248 980 non
278 939 397 980 vides
427 938 497 980 Me
532 952 584 980 ex
616 952 798 980 cursura
829 937 1066 979 anhelitum
1097 936 1228 978 etiam
1254 935 1441 977 ducere?
1474 935 1540 976 LI.
1573 935 1676 988 Age,

165 1033 257 1073 age,
290 1033 478 1060 mansero
509 1019 600 1061 Tuo
633 1018 871 1069 arbitratu,
912 1017 980 1059 vel
1022 1017 1129 1058 adeo
1159 1029 1333 1069 usque
1364 1015 1482 1057 dum
1509 1014 1676 1069 peris.

162 1125 219 1130 —
251 1103 287 1140 6.
319 1102 414 1141 ibid.
448 1102 548 1140 439.
611 1098 698 1140 Sic
727 1102 904 1140 dedero:
938 1097 1059 1152 prius
1091 1110 1202 1151 quae
1235 1095 1418 1147 credidi,
1457 1095 1527 1137 vix
1566 1108 1676 1136 anno

163 1183 262 1234 post
279 1179 534 1233 exegi—7.
553 1181 766 1220 ibidem&
809 1178 923 1219 Perii
954 1177 1121 1219 hercle!
1154 1177 1262 1218 iam
1292 1175 1363 1216 hic
1393 1188 1460 1216 me
1492 1177 1677 1226 abeyerit

168 1273 244 1301 suo
277 1259 457 1300 00110-
477 1262 515 1301 8.
546 1261 642 1301 ibid.
662 1261 764 1300 705.
810 1258 1018 1299 Inscende
1051 1259 1256 1298 actutum.
1295 1255 1361 1296 LI.
1402 1255 1493 1309 Ego
1518 1259 1675 1306 fecero.

165 1354 244 1391 em,
278 1339 382 1393 quid
410 1339 523 1380 istuc
552 1339 647 1380 est?
689 1341 737 1379 ut
778 1341 826 1379 tu
855 1337 1048 1379 incedis?
1079 1362 1137 1367 —
1167 1340 1204 1378 9.
1236 1339 1323 1377 Aul.
1356 1338 1458 1377 569.
1520 1335 1677 1376 Potare

169 1433 247 1473 ego
281 1419 409 1460 hodie
440 1419 523 1470 hic,
556 1418 718 1470 Euclio,
749 1421 892 1459 tecum
921 1417 1029 1459 volo.
1077 1417 1124 1458 E.
1156 1416 1252 1457 Non
1280 1415 1396 1470 quod
1422 1418 1568 1469 potem
1599 1427 1677 1467 ego

165 1499 338 1553 quidem
368 1499 513 1541 hercle
542 1498 695 1540 habeo.
739 1498 832 1539 ME.
863 1498 920 1539 At
950 1510 1028 1551 ego
1059 1500 1217 1538 iussero
1238 1495 1401 1537 Gadum
1431 1509 1563 1536 unum
1593 1493 1679 1536 vini

162 1580 319 1622 veteris
350 1593 375 1622 a
407 1593 474 1621 me
506 1578 803 1620 adferrier.—
823 1581 886 1620 10.
918 1580 1014 1619 ibid.
1049 1580 1150 1618 065.
1201 1576 1324 1617 Attat
1353 1575 1459 1616 foris
1490 1574 1678 1628 crepuit:

164 1674 294 1702 senex
329 1673 475 1701 eccum
507 1673 661 1701 aurum
692 1658 828 1700 ecfert
857 1658 986 1699 foras.
1047 1656 1354 1710 Tantisper
1394 1655 1479 1696 huc
1510 1667 1588 1707 ego
1621 1653 1677 1694 ad

165 1741 340 1782 ianuam
382 1753 632 1781 concessero.
666 1764 717 1769 ——
754 1741 817 1781 11.
849 1740 996 1779 Bacch.
1028 1739 1097 1779 48.
1139 1736 1280 1790 Atque
1317 1735 1353 1776 is
1385 1735 1486 1776 dum
1523 1733 1679 1785 veniat,

166 1820 320 1862 sedens
381 1819 443 1862 ibi
506 1818 861 1874 opperibere.
930 1817 1136 1859 Eadem
1185 1815 1425 1867 biberis,
1490 1813 1679 1856 eadem

166 1905 317 1942 dedero
349 1900 449 1953 tibi,
496 1900 571 1942 ubi
607 1899 788 1950 biberis,
830 1898 1007 1960 savium.
1038 1922 1095 1928 —-
1128 1900 1191 1939 12.
1231 1899 1326 1939 ibid.
1369 1898 1472 1936 209.
1532 1895 1679 1945 Immo,

168 1980 385 2035 Chrysale,
419 1994 485 2022 em
515 1994 600 2022 non
622 1979 838 2021 tantulum
859 1978 1074 2031 Umquam
1097 1976 1345 2018 intermittit
1364 1978 1546 2028 tempus,
1578 1974 1680 2027 quin

172 2075 268 2102 eum
309 2061 512 2103 nominet.
573 2060 710 2102 Tanto
742 2059 886 2101 hercle
918 2057 1081 2100 melior.
1124 2056 1189 2097 ΡΙ.
1227 2055 1373 2097 Immo.
1420 2054 1504 2096 CH.
1546 2054 1679 2095 Immo

165 2140 311 2182 hercle
360 2144 511 2183 abiero.
542 2165 598 2172 —-
632 2143 695 2183 13.
727 2142 823 2182 ibid.
856 2142 956 2181 362.
1018 2136 1252 2190 Facietque
1292 2134 1507 2189 extemplo
1539 2133 1680 2175 Cruci-

175 2221 312 2262 salum
342 2235 410 2262 me
440 2234 491 2262 ex
522 2220 740 2275 Chrysalo.
800 2224 1011 2271 Aufuqero
1042 2217 1209 2268 hercle,
1245 2216 1281 2257 si
1310 2215 1447 2269 magis
1478 2228 1580 2255 usus
1611 2226 1681 2255 ve-

165 2301 289 2344 nerit.
310 2326 366 2332 —-
394 2304 458 2343 14.
481 2303 576 2342 zbid.
598 2304 622 2341 7
628 2304 651 2341 7
657 2303 696 2341 4.
730 2300 872 2353 Atque
900 2298 971 2340 hic
1002 2296 1187 2351 quidem,
1219 2296 1383 2350 opinor,
1416 2293 1681 2349 Chrysalust.

287 2462 318 2503 1)
345 2461 475 2505 Amph.
497 2461 572 2494 198.
602 2459 646 2494 Si
660 2458 787 2493 diaeero
802 2456 1044 2500 mendacium,
1071 2455 1190 2491 solens
1211 2464 1287 2489 meo
1309 2463 1405 2489 more
1425 2454 1550 2497 fecero.
1579 2452 1680 2496 Quod

170 2518 373 2562 exemplum
401 2521 594 2562 propterea
623 2516 724 2551 omisi
743 2515 839 2560 quod
861 2515 967 2549 etiam
987 2514 1023 2548 in
1038 2514 1176 2557 protasi
1194 2512 1353 2547 futurum
1369 2516 1533 2546 exactum
1553 2513 1681 2544 exstat.

282 2578 316 2619 2)
345 2576 399 2610 lta
423 2574 519 2618 libri,
548 2573 709 2617 quamvis
734 2582 841 2607 versu
867 2574 1049 2615 corrupto.
1098 2570 1227 2613 Neque
1252 2573 1372 2604 tamen
1398 2568 1520 2602 vitium
1547 2568 1582 2601 in
1609 2565 1680 2599 fine

170 2634 282 2666 latere
312 2632 474 2665 dixerim.
