1862 3010
842 147 1126 189 -24-

234 263 384 301 Eadem
413 263 491 301 duo
521 273 670 311 Ψᾶρες
700 263 909 312 viryarum
937 264 1034 302 inde
1060 266 1282 303 ulmearum
1299 267 1491 316 adeyero,
1516 265 1586 306 vix
1604 265 1737 308 ullam

233 338 519 381 differentiam
549 339 806 393 indagamus
837 341 951 382 inter
982 344 1212 395 utrumque
1253 342 1467 397 futurum,
1509 345 1591 386 nisi
1624 346 1739 399 quod

231 418 414 460 alterum
445 419 489 460 in
518 419 660 461 medio
689 433 816 462 versu
846 421 1033 474 positum
1069 424 1151 473 est,
1187 422 1232 462 in
1262 421 1346 464 fine
1376 423 1573 466 alterum.
1617 425 1735 466 Idem

229 499 278 540 fit
308 499 438 540 Stich.
472 502 549 540 351
576 500 686 553 (74):
726 501 833 550 Cape
864 503 956 541 illas
985 514 1143 551 scopas,
1189 501 1275 542 GE.
1324 504 1500 554 Capiam.
1552 504 1616 545 ΡΙ.
1649 507 1735 546 Hoc

232 585 399 629 eyomezg
431 585 473 619 tu
503 582 578 619 hoe
608 592 815 620 converre.
862 579 948 620 GE.
995 583 1078 632 Eyo
1102 585 1259 632 fecero.
1306 581 1447 624 Adde:
1479 583 1609 626 Mero.
1643 587 1736 629 546.

232 658 323 712 (40)
361 659 578 699 Certumst:
619 662 789 709 antiqua
831 664 1006 701 recolam
1046 667 1084 700 et
1123 664 1280 702 servibo
1320 665 1427 704 mihi.
1491 666 1618 704 Breve
1656 667 1738 705 iam

231 741 463 779 relicuomst
484 741 590 779 vitae
611 742 784 789 spatium
800 759 810 779 .·
843 743 939 790 quin
969 753 1042 791 eqo
1072 741 1280 790 Voluptate
1310 744 1401 782 vino
1431 755 1568 783 amore
1597 746 1644 784 id
1672 747 1738 784 de-

231 821 444 859 lectavero.
475 818 537 859 Re
546 831 648 859 vera
660 822 804 860 autem
818 818 981 860 formae
987 824 1145 871 secero,
1162 823 1307 860 sedero
1321 823 1364 861 et
1375 820 1534 863 similes
1543 822 1739 864 ultimam

231 910 379 938 versus
401 897 545 939 sedem
566 901 740 952 praeter
763 902 931 939 ceteras
962 898 1167 940 adamare
1198 899 1296 940 inde
1328 904 1521 953 apparet,
1551 901 1666 954 quod
1696 902 1740 942 in

232 977 452 1029 octoginta
487 977 674 1030 quinque
716 977 842 1028 locis,
884 991 991 1031 quos
1032 992 1163 1032 supra
1202 979 1350 1032 posui,
1391 980 1617 1034 sexaginta
1650 985 1739 1022 tres

231 1057 287 1110 (1.
321 1059 358 1098 2.
390 1060 428 1097 4.
460 1060 497 1098 5.
530 1060 567 1098 9.
602 1060 665 1098 10.
701 1060 764 1098 12.
800 1061 862 1100 14.
898 1061 962 1100 15.
999 1061 1060 1100 16.
1097 1062 1159 1099 17.
1196 1062 1258 1100 18.
1290 1062 1353 1101 19.
1385 1062 1450 1100 20.
1484 1063 1549 1101 21.
1583 1064 1647 1103 22.
1673 1064 1738 1102 23.

232 1139 297 1177 26.
330 1139 395 1177 28.
429 1139 493 1178 29.
527 1140 591 1179 30.
625 1140 690 1178 31.
724 1140 788 1178 32.
822 1140 886 1180 35.
921 1140 986 1178 37.
1020 1142 1084 1180 38.
1118 1141 1182 1180 39.
1215 1142 1281 1180 40.
1315 1142 1381 1180 42.
1405 1142 1472 1181 43.
1494 1144 1560 1181 44.
1583 1144 1648 1182 45.
1672 1144 1738 1182 46.

230 1219 297 1258 47.
329 1220 395 1257 48.
433 1220 496 1258 50.
530 1220 594 1257 51.
628 1220 692 1258 53.
730 1220 795 1258 54.
827 1220 891 1259 57.
926 1221 990 1259 58.
1024 1221 1089 1262 59.
1123 1222 1188 1259 60.
1222 1221 1286 1259 62.
1321 1222 1385 1260 63.
1406 1222 1470 1260 65.
1495 1222 1560 1260 66.
1586 1223 1650 1261 67.
1673 1223 1738 1262 69.

233 1299 298 1336 70.
333 1299 397 1336 71.
432 1299 497 1337 72.
532 1299 596 1337 73.
631 1299 694 1337 74.
728 1300 794 1337 76.
827 1300 891 1337 77.
925 1300 989 1338 78.
1022 1301 1087 1339 80.
1120 1301 1186 1339 81.
1216 1301 1280 1339 82.
1315 1301 1380 1340 83.
1413 1302 1478 1340 84.
1512 1300 1598 1352 85.)
1629 1299 1740 1339 hanc

230 1375 413 1416 formam
443 1375 487 1416 in
513 1375 597 1417 fine
620 1389 768 1418 versus
797 1375 972 1428 habent,
1005 1381 1048 1418 et
1078 1377 1150 1418 alii
1176 1378 1368 1419 nonnulli
1395 1381 1494 1419 ante
1516 1391 1738 1420 caesuram

232 1454 429 1496 similiter
455 1455 742 1497 iudicandam.
785 1455 889 1497 Cum
909 1459 1053 1498 autem
1071 1457 1243 1511 saepius
1274 1457 1318 1498 in
1346 1457 1430 1498 hae
1461 1457 1561 1499 sede
1591 1471 1740 1499 versus

232 1539 274 1577 et
306 1536 511 1589 antiquae
543 1538 586 1577 et
614 1535 803 1577 rariores
832 1536 996 1577 formae
1028 1549 1054 1577 a
1083 1539 1215 1590 poeta
1232 1537 1400 1590 positae
1423 1537 1519 1589 sint,
1550 1551 1604 1579 ne
1630 1537 1743 1578 hanc

232 1615 404 1669 quidem
436 1629 527 1656 rem
560 1617 678 1657 casui
709 1615 984 1657 tribuendam
1011 1629 1104 1657 esse
1125 1617 1334 1658 existimo.
1377 1617 1512 1658 Immo
1534 1617 1743 1658 rariorem

235 1695 371 1736 futuri
412 1695 594 1737 formam
634 1696 696 1737 ita
736 1696 907 1750 saepius
948 1699 1161 1737 servatam
1201 1710 1294 1737 esse
1331 1697 1516 1749 conicio,
1558 1710 1669 1750 quae
1698 1710 1743 1738 se

231 1775 346 1816 ultro
379 1774 537 1817 obtulit
567 1778 722 1829 poetae
753 1789 903 1817 versus
934 1775 1152 1818 claudenti
1170 1777 1215 1830 1).

348 1959 379 2002 1)
407 1957 638 1992 Conferenda
672 1961 757 1992 sunt
783 1968 874 2001 quae
900 1959 941 1992 A.
969 1958 1181 2001 Spengelius
1217 1959 1253 1992 in
1290 1958 1383 1993 libro
1418 1959 1480 2002 qui
1513 1958 1740 1993 inscribitur:

230 2015 281 2049 ‘T.
297 2014 459 2050 Maccius
486 2015 646 2050 Plautus’
671 2026 705 2059 p.
731 2016 808 2050 224.
835 2015 957 2050 adnot.
987 2015 1030 2049 de
1055 2014 1238 2049 infinitivis
1263 2015 1300 2049 in
1328 2016 1404 2050 ‘ier’
1430 2015 1646 2050 exeuntibus
1670 2015 1741 2051 dis-

231 2075 353 2116 putat:
379 2071 488 2107 ‘diese
523 2071 819 2107 Infinitivformen
857 2071 978 2107 finden
1013 2071 1113 2116 sich,
1148 2082 1250 2106 wenn
1287 2072 1350 2107 der
1381 2072 1536 2116 Endung
1561 2073 1637 2106 ‘ier'
1661 2073 1741 2107 eine

233 2129 339 2172 lange
365 2128 473 2173 Sylbe
498 2129 735 2174 vorhergeht‚
769 2130 843 2164 also
881 2130 920 2182 in
947 2129 1010 2163 der
1036 2134 1179 2173 ersten,
1211 2129 1361 2164 zweiten
1388 2130 1459 2164 und
1484 2130 1621 2164 vierten
1650 2130 1740 2164 Con-

227 2185 396 2230 Jugation
423 2186 677 2230 (lamentarier,
703 2186 975 2230 commonerier,
1002 2186 1207 2230 expedirier
1232 2197 1265 2220 u.
1293 2188 1338 2230 a.)
1365 2186 1436 2221 und
1463 2186 1498 2221 in
1526 2186 1740 2231 denJenigen

233 2242 377 2277 Verben
404 2242 466 2277 der
490 2243 623 2278 dritten
651 2243 912 2288 Conjugation,
937 2254 990 2279 wo
1017 2245 1097 2278 eine
1120 2243 1227 2288 lange
1258 2243 1367 2288 Sylbe
1395 2243 1616 2286 vorhergeht
1641 2243 1740 2288 (pen-

233 2300 321 2344 dier‚
349 2299 559 2344 adscribier,
585 2301 719 2335 tradier
744 2312 777 2335 u.
806 2302 853 2340 a.)
880 2311 948 2334 nur
973 2311 1027 2335 am
1051 2300 1201 2335 Schluss
1223 2300 1286 2335 des
1309 2300 1441 2335 Verses
1458 2300 1542 2344 und,
1567 2311 1637 2336 was
1663 2301 1741 2336 das-

232 2357 330 2391 selbe
356 2357 416 2401 ist,
442 2368 499 2392 am
514 2357 663 2392 Schluss
690 2357 753 2392 der
778 2362 898 2393 ersten
913 2356 1034 2392 Halfte
1059 2357 1122 2392 der
1141 2357 1449 2402 asynartetischen
1466 2358 1600 2393 Verse'.
1627 2358 1739 2401 Quam

232 2424 307 2448 rem
334 2425 368 2458 p.
393 2416 460 2449 225
485 2415 538 2449 ita
565 2415 745 2459 explicat:
794 2414 879 2449 ‘Der
904 2415 1028 2449 Grund
1062 2415 1182 2450 dieser
1209 2414 1464 2458 Erscheinung
1498 2416 1545 2450 ist
1578 2415 1740 2450 offenbar

234 2471 310 2515 der,
336 2472 419 2506 dass
445 2472 545 2507 diese
571 2471 770 2515 Infinitive,
795 2471 854 2506 die
884 2472 957 2507 fast
981 2472 1050 2506 alle
1077 2471 1224 2506 Worter
1248 2482 1318 2506 von
1343 2472 1460 2507 vielen
1487 2472 1620 2517 Sylben
1646 2472 1739 2515 sind,

231 2529 331 2563 nicht
356 2529 390 2563 in
414 2530 471 2564 die
496 2529 647 2573 ubrigen
675 2528 869 2564 Versfiisse
898 2539 1043 2573 passen,
1070 2530 1163 2564 ohne
1189 2529 1272 2564 dass
1298 2530 1376 2564 dem
1406 2530 1516 2564 Verse
1540 2530 1654 2564 durch
1681 2529 1739 2564 die

232 2586 424 2629 Betonung
449 2587 512 2620 der
539 2587 671 2621 letzten
698 2586 807 2630 Sylbe
835 2586 895 2619 des
922 2586 1100 2621 verbums
1127 2588 1168 2630 (z.
1199 2588 1236 2620 B.
1263 2587 1488 2629 exornarier)
1514 2586 1583 2620 und
1610 2587 1738 2621 beson—
