1862 3010
756 224 1036 262 -19-

146 341 233 381 vita
259 337 527 380 abiudicabo.
591 334 684 376 Aul.
722 337 812 374 188.
861 333 976 373 Anus
1007 332 1150 374 hercle
1182 332 1281 373 huic
1312 331 1517 372 indicium
1552 330 1651 371 fecit

147 420 198 460 de
232 432 336 460 auro
453 415 561 466 Quoi
605 428 682 468 ego
722 413 808 454 iam
842 412 1031 466 linguam
1060 411 1309 465 praecidam
1342 414 1472 463 atquo
1504 410 1650 451 oculos

147 498 345 540 effodiam
377 495 502 536 domi.
563 493 664 535 ibid.
699 496 791 535 573.
854 492 944 545 Ego
975 495 1017 532 to
1045 490 1172 532 hodie
1200 490 1377 532 reddam
1409 489 1650 541 madidum3

147 578 181 619 si
213 577 305 618 vivo
342 574 488 629 probo.
548 573 650 615 ibid.
686 578 778 615 659.
838 572 929 613 Iam
969 571 1293 624 interstringam
1335 571 1489 623 gulam.
1550 569 1647 610 ibid.

147 661 239 698 712.
301 655 443 696 Attat:
489 667 634 695 eccum
665 653 827 706 ipsum:
857 665 934 705 ego
968 650 1051 702 ibo,
1083 654 1131 692 ut
1162 665 1228 692 me
1253 650 1434 691 condam
1467 649 1650 690 domum.

145 735 246 777 ibid.
291 739 383 776 759.
455 735 543 774 Iam
599 732 771 786 quidem
818 731 962 773 hercle
999 734 1042 772 te
1081 730 1136 771 ad
1185 733 1430 784 praetorem
1473 729 1650 782 rapiam.

145 815 246 856 ibid.
282 818 374 856 678.
436 814 527 854 Iam
571 827 648 866 ego
693 812 794 853 illuc
825 824 1104 865 praecurram
1136 813 1266 863 atque
1297 809 1544 851 inscendam
1575 808 1652 849 ali-

148 909 278 948 quam
308 894 351 934 111
384 893 593 934 arborem.
653 891 809 933 Bacch.
849 895 913 934 94.
974 890 1064 944 Ego
1098 890 1235 931 sorori
1275 902 1395 930 meae
1425 888 1553 929 hodie
1585 902 1652 929 ce-

147 989 245 1015 nam
274 973 377 1014 dare
404 973 499 1014 volo
523 972 747 1013 viaticam:
779 971 840 1012 Eo
872 970 951 1012 tibi
974 973 1199 1023 argentum
1229 968 1389 1010 iubebo
1422 969 1508 1009 iam
1537 969 1652 1009 intus

148 1053 302 1095 ecferri
333 1052 460 1094 foras.
514 1051 669 1092 Bacch.
705 1054 797 1093 357.
846 1051 960 1100 Quas
992 1063 1069 1103 ego
1100 1049 1171 1091 hic
1191 1049 1343 1090 turbas
1377 1047 1500 1089 dabo.
1549 1047 1650 1089 ibid.

148 1137 240 1175 701.
312 1133 549 1184 Emungam
593 1130 738 1172 hercle
777 1129 992 1171 hominem
1032 1129 1166 1183 probe
1203 1129 1343 1170 hodie.
1412 1127 1513 1169 ibid.
1558 1131 1650 1169 766.

146 1212 344 1254 Dorsabo
378 1225 455 1265 ego
487 1211 617 1252 illunc
645 1209 794 1261 hodie,
839 1210 874 1251 si
905 1209 1020 1260 vivo,
1064 1209 1210 1262 probe.
1270 1207 1372 1250 ibid.
1419 1210 1538 1249 1172.
1598 1207 1653 1247 Ni

147 1292 290 1343 abeas,
323 1304 583 1345 quamquam
614 1294 662 1332 tu
694 1289 854 1340 bellas
882 1289 1041 1331 malum
1071 1288 1149 1330 tibi
1176 1302 1378 1342 magnum
1410 1287 1522 1329 dabo
1554 1287 1651 1327 iam.

147 1371 227 1413 Cas
261 1375 353 1413 536.
415 1371 505 1412 Iam
534 1370 613 1412 tibi
644 1370 755 1411 istuc
787 1369 1010 1411 cerebrum
1041 1368 1360 1422 dispercutiam.
1422 1367 1523 1408 ibid.
1557 1370 1651 1408 800.

146 1451 240 1492 Hac
270 1450 382 1492 dabo
413 1451 628 1504 protinam
669 1463 735 1490 me
776 1452 819 1490 et
856 1448 1028 1502 fugiam.
1089 1448 1210 1490 Cure.
1256 1451 1347 1489 138.
1407 1447 1470 1488 Tu
1502 1450 1651 1487 curato

147 1545 213 1572 me
246 1545 297 1571 ne
330 1531 492 1572 sitiam:
526 1543 603 1583 ego
632 1529 712 1570 tibi
744 1529 858 1583 quod
886 1543 1004 1570 amas
1033 1529 1118 1569 iam
1150 1527 1234 1569 huc
1267 1527 1490 1568 adducam.
1541 1526 1651 1567 Men.

152 1614 242 1651 174.
304 1610 419 1651 Mitti
455 1609 534 1651 tibi
576 1613 706 1662 atque
748 1608 809 1649 illi
850 1608 1006 1650 iubebo
1046 1608 1132 1648 iam
1172 1607 1375 1661 adparari
1409 1605 1651 1660 prandium.

149 1689 252 1730 ibid.
297 1693 390 1730 431.
451 1689 541 1730 Iam
583 1702 740 1742 sequar
778 1692 832 1730 te.
892 1688 993 1729 ibid.
1037 1691 1129 1730 729.
1190 1687 1254 1728 Ne
1295 1687 1406 1728 istuc
1440 1689 1653 1727 mecastor

150 1770 235 1810 iam
266 1772 433 1823 patrem
466 1782 683 1810 accersam
713 1782 866 1809 meum.
918 1767 1018 1809 ibid.
1056 1771 1148 1809 754.
1200 1766 1391 1808 Gradum
1422 1765 1652 1820 proferam,

146 1849 388 1902 progrediri
418 1847 676 1903 properabo.
735 1847 837 1889 ibid.
881 1851 975 1889 844.
1035 1846 1137 1898 Ibo,
1171 1846 1405 1896 adducam,
1437 1845 1510 1898 qui
1541 1845 1654 1886 hune

146 1928 245 1969 hinc
283 1928 448 1969 tollant.
516 1927 618 1969 ibid.
662 1931 753 1969 666.
814 1926 1062 1981 Properabo
1103 1926 1157 1968 ad
1198 1926 1349 1967 forum.
1410 1925 1511 1967 ibid.
1555 1929 1649 1966 875.

146 2007 222 2049 Ibo
265 2011 394 2061 atque
434 2021 654 2049 accersam
695 2006 906 2048 medicum
947 2007 1032 2048 iam
1077 2010 1285 2060 quantum
1326 2008 1481 2059 potest.
1548 2004 1651 2046 ibid.

149 2091 242 2129 903.
304 2089 437 2138 Quem
470 2101 547 2141 ego
588 2087 732 2128 hercle
763 2086 1000 2137 hominem,
1033 2087 1067 2128 si
1100 2085 1272 2139 quidem
1304 2086 1415 2136 vivo,
1448 2085 1536 2126 vita
1566 2085 1651 2125 iam

150 2167 340 2208 evolvam
388 2181 476 2208 sua.
546 2167 647 2208 ibid.
693 2170 812 2208 1037.
881 2166 930 2207 Id
969 2180 1046 2219 ego
1087 2165 1167 2207 tibi
1206 2166 1292 2206 iam
1325 2165 1409 2206 huc
1446 2164 1651 2205 adferam.

150 2246 236 2287 Mil.
270 2250 362 2288 537.
411 2246 594 2288 Pulchre
632 2246 904 2287 admonuisti.
950 2246 1036 2287 iam
1078 2259 1156 2299 ego
1199 2245 1254 2286 ad
1294 2248 1335 2286 te
1368 2244 1492 2286 exibo
1523 2243 1651 2285 foras.

149 2325 250 2367 ibid.
297 2329 415 2367 1353.
476 2327 541 2368 Ito
583 2326 688 2367 cito:
730 2326 816 2367 iam
858 2339 935 2379 ego
980 2325 1196 2378 adsequar
1235 2338 1320 2366 vos.
1381 2324 1483 2366 ibid.
1532 2327 1651 2365 1379.

151 2405 241 2458 Ego
276 2404 448 2446 iamiam
490 2420 721 2447 convenam
753 2406 885 2447 illunc
914 2406 993 2459 (ita
1021 2404 1311 2458 Ritschelius).
1372 2403 1495 2444 Most.
1532 2407 1651 2444 1114.

148 2485 238 2525 Iam
278 2485 417 2538 ignem
462 2488 504 2526 et
542 2499 711 2526 sarmen
750 2485 829 2526 tibi
868 2485 1024 2526 iubebo
1064 2483 1332 2526 circumdari.
1394 2483 1526 2524 Persa
1558 2486 1651 2524 324.

149 2565 289 2617 Atque
321 2578 443 2605 omne
482 2578 559 2618 ego
591 2568 815 2618 argentum
846 2565 926 2606 tibi
960 2565 1041 2606 hoc
1073 2567 1266 2606 actutum
1297 2563 1508 2604 incolume
1540 2562 1652 2603 redi-

149 2657 257 2697 gam.
318 2643 419 2685 ibid.
451 2648 544 2685 405.
604 2644 762 2685 Curate
792 2645 863 2685 isti
894 2644 1030 2686 intus:
1061 2644 1145 2685 iam
1184 2657 1262 2696 ego
1287 2642 1457 2684 domum
1488 2656 1554 2683 me
1585 2655 1650 2682 re-
