1862 3010
747 196 1017 233 —11-

135 310 268 351 solam
300 310 389 350 fere
421 307 689 361 grammatici
721 310 978 359 sequuntur,
1023 306 1257 356 celeritatis
1286 306 1451 346 notatio
1483 305 1547 346 vel
1579 305 1642 346 rei

134 404 272 444 paene
301 389 385 430 iam
418 387 473 428 ad
505 386 664 428 exitum
695 385 943 440 perductae,
974 388 1022 426 ut
1052 388 1230 439 propter
1262 399 1355 426 eam
1379 399 1551 426 causam
1579 399 1641 436 eo,

137 484 221 523 quo
262 469 347 509 iam
390 467 498 517 dixi,
540 466 666 508 modo
707 465 803 506 finis
841 464 1022 506 actionis
1064 465 1205 506 animo
1242 464 1640 518 comprehendatur.

136 546 389 589 Huiusmodi
410 546 525 601 apud
538 546 737 588 Plautum
756 548 837 586 est:
863 549 898 585 7.
915 549 980 586 44.
1002 548 1070 586 51.
1088 548 1152 586 63.
1172 545 1324 598 Itaque
1338 548 1381 586 et
1391 544 1642 598 promitten-

134 631 200 669 tes
232 630 275 668 et
300 627 511 668 minantes
542 626 625 667 hac
654 625 793 666 forma
816 628 1007 675 utuntur,
1039 625 1156 666 velut
1186 624 1300 678 apud
1332 624 1531 665 Plautum
1565 628 1643 675 35„

135 721 263 761 saepe
281 706 428 748 addito
443 706 565 757 ‘iam',
591 706 721 747 etiam
739 704 813 747 ubi
826 704 1043 746 evanescit
1059 718 1196 758 paene
1216 704 1277 746 rei
1291 704 1515 746 absolutae
1529 704 1642 758 cogi-

135 787 257 838 tatio,
291 790 338 828 ut
374 790 437 828 15.
470 789 535 828 20.
571 789 635 827 22.
668 788 734 827 42.
780 783 1001 826 Interdum
1044 783 1216 838 quidem
1249 784 1483 826 celeritatis
1516 783 1644 838 signi-

138 866 282 908 ficatio
316 880 493 920 prorsus
535 865 649 908 cedit
692 865 970 906 affirmationi
1013 864 1228 906 minantis.
1269 889 1324 895 —-
1358 864 1427 905 IV.
1473 864 1537 905 Ex
1583 877 1645 914 ea,

137 961 265 1001 quam
297 947 419 988 initio
442 946 578 1000 attigi,
607 945 918 999 significatione
945 945 1020 995 rei,
1054 958 1164 997 quae
1195 944 1280 985 iam
1301 943 1502 985 absoluta
1529 947 1646 985 certo

137 1029 351 1068 momento
383 1026 474 1068 fore
502 1025 710 1075 videatur,
739 1026 775 1066 is
807 1025 944 1066 oritur
975 1039 1089 1075 usus,
1122 1038 1205 1078 quo
1231 1024 1424 1066 futurum
1447 1027 1645 1065 exactum

136 1107 311 1160 ponitur
340 1106 392 1147 de
425 1119 491 1156 eo,
524 1105 639 1159 quod
670 1105 765 1158 quis
796 1105 991 1154 interim,
1035 1104 1136 1146 dum
1168 1103 1285 1145 aliud
1316 1104 1420 1157 quid
1451 1104 1519 1155 fit,
1567 1103 1643 1144 ali-

137 1186 392 1239 quantisper
424 1185 539 1236 facit,
572 1185 652 1226 etsi
678 1184 796 1226 nulla
818 1185 967 1226 subest
988 1184 1243 1237 significatio
1265 1185 1327 1225 rei
1344 1183 1645 1238 perficiendae,

137 1265 212 1307 sed
243 1265 357 1319 quod
386 1269 531 1306 tamen
562 1265 744 1306 actionis
782 1265 897 1306 intra
938 1264 1146 1318 temporis
1189 1264 1374 1318 spatium
1418 1264 1645 1305 conclusae

135 1345 231 1387 finis
273 1348 316 1386 et
355 1345 536 1386 ulterius
578 1349 747 1399 tempus
789 1345 930 1386 animo
969 1343 1235 1385 obversatur.
1297 1343 1435 1384 Huius
1477 1343 1645 1396 generis

135 1425 244 1466 haec
282 1429 403 1467 sunt:
467 1428 530 1467 10.
562 1428 628 1467 29.
660 1428 725 1466 41.
756 1429 821 1467 45.
855 1428 919 1466 66.
950 1428 1016 1466 80.
1048 1428 1113 1466 83.
1146 1448 1203 1454 -
1234 1424 1281 1465 V.
1314 1422 1448 1464 Paulo
1476 1423 1645 1477 longius

137 1519 163 1546 a
192 1505 333 1558 prima
362 1505 526 1559 origine
549 1505 743 1555 discedit,
774 1505 888 1546 omni
913 1504 1002 1546 fere
1028 1504 1254 1558 praeteriti
1276 1503 1449 1544 notione
1475 1503 1646 1545 sublata

138 1599 189 1626 ac
219 1599 272 1626 ne
303 1585 584 1626 absolutionis
615 1585 786 1638 quidem
816 1585 899 1626 nisi
930 1584 1112 1626 obscure
1133 1587 1315 1634 retenta,
1348 1583 1481 1625 futuri
1504 1583 1645 1624 exacti

137 1679 240 1706 usus
267 1665 311 1705 in
329 1665 392 1706 rei
417 1664 621 1706 dilatione
644 1664 947 1718 significanda3
979 1663 1176 1705 differtur
1199 1667 1343 1705 tamen
1364 1677 1433 1704 res
1451 1663 1494 1703 in
1515 1677 1645 1704 unum

140 1744 359 1797 quoddam
389 1748 650 1786 momentum
680 1745 886 1799 temporis
917 1744 1063 1795 futuri,
1097 1743 1211 1797 quod
1242 1744 1467 1797 expletura
1488 1746 1573 1794 est,
1605 1746 1648 1784 et

138 1824 249 1865 haec
281 1824 371 1866 fere
403 1825 494 1866 sola
523 1828 718 1866 remanet
746 1825 863 1866 notio
887 1825 1067 1866 seiuncti
1090 1827 1132 1865 et
1155 1823 1419 1865 transeuntis
1444 1823 1648 1864 momenti

141 1907 184 1946 et
215 1918 344 1959 saepe
375 1904 430 1946 ab
462 1905 547 1947 alia
576 1905 744 1946 actione
774 1904 1012 1958 pendentis.
1055 1904 1168 1958 (Non
1198 1904 1347 1956 utique
1378 1903 1489 1944 inest
1519 1903 1647 1956 signi-

139 1983 284 2025 ficatio
319 1985 523 2026 momenti
555 1984 775 2026 ‘celeriter'
807 1984 1050 2035 transituri,
1081 1983 1196 2037 quod
1225 1983 1418 2024 nonnulli
1449 1982 1649 2024 videntur

142 2063 329 2105 credere.
379 2064 488 2105 Nam
511 2065 583 2117 qui
615 2064 730 2105 ‘Post
760 2064 919 2105 viclero’
947 2064 1064 2115 dicit,
1094 2064 1130 2104 is
1161 2063 1305 2117 potius
1337 2062 1428 2104 eius
1458 2063 1521 2104 rei
1550 2077 1648 2104 con-

142 2143 446 2185 siderationem
475 2144 669 2198 promitti
699 2158 784 2185 non
813 2144 1110 2185 brevissimam
1153 2143 1230 2184 das
1261 2142 1366 2183 wird
1397 2145 1544 2197 sp'ater
1574 2142 1647 2184 be—

143 2223 335 2265 trachtet
361 2224 542 2274 werden,
575 2239 626 2265 zu
657 2223 911 2265 betrachten
949 2223 1070 2276 sein).
1131 2223 1269 2277 Saepe
1299 2222 1517 2264 adduntur
1549 2237 1648 2276 par-

141 2302 299 2343 ticulae
330 2303 452 2344 ‘mox'
485 2307 528 2344 et
554 2304 687 2357 ‘post⁷.
730 2303 938 2356 Exempla
966 2306 1065 2344 sunt
1096 2306 1158 2344 16.
1191 2306 1257 2343 21.
1291 2307 1355 2345 54.
1389 2307 1454 2344 68.
1486 2307 1550 2344 69.
1583 2306 1647 2344 70.

144 2385 209 2424 84.
241 2382 476 2424 Coniuncta
492 2387 635 2425 autem
655 2398 750 2424 cum
766 2382 992 2424 differendi
1007 2383 1178 2424 notione
1199 2386 1263 2424 est
1281 2396 1409 2424 curae
1428 2382 1558 2423 autin
1573 2381 1649 2422 ali-

143 2476 215 2502 um
231 2462 360 2503 autin
372 2476 416 2503 se
428 2462 765 2514 transferendae,
785 2476 869 2516 quo
885 2462 1011 2503 simul
1027 2476 1078 2503 ea
1096 2476 1200 2503 cura
1218 2461 1426 2503 differtur.
1458 2461 1546 2502 Nec
1562 2461 1650 2502 ulla

144 2544 210 2582 est
240 2555 382 2592 causa,
414 2555 489 2583 cur
520 2542 645 2595 vulgo
677 2542 732 2583 ad
763 2557 894 2584 unum
917 2556 1063 2584 omnes
1086 2542 1355 2596 grammatici
1378 2541 1459 2582 hoc
1483 2544 1649 2595 postre-

144 2635 258 2662 mum
286 2624 328 2662 et
357 2621 512 2667 similia
548 2621 734 2681 plurima
773 2622 887 2682 apud
929 2636 1074 2663 omnes
1115 2622 1347 2676 scriptores
1380 2620 1649 2664 coniunctivo
