1862 3010
848 165 1128 208 -15—

232 279 357 321 Most.
395 283 516 321 1131.
548 283 741 321 Promitte
772 312 806 321 ..
837 294 915 334 ego
948 283 1009 322 ibo
1040 295 1118 334 pro
1147 285 1201 322 te.
1245 281 1352 323 Rud.
1389 284 1508 323 1007.
1555 281 1742 324 Verbum

234 360 362 400 etiam
396 364 503 401 adde
533 374 684 410 unum,
729 360 815 401 iam
857 374 936 413 ego
978 361 1020 401 in
1064 360 1241 403 cerebro
1275 361 1478 415 colaphos
1507 364 1742 404 abstrudam

232 443 328 490 tuo,
372 439 458 480 alia
489 440 637 481 multa.
698 440 909 491 Quartum
951 440 1134 493 denique
1168 441 1408 494 exemplum
1440 442 1531 495 (46)
1563 441 1618 483 ab
1649 441 1743 483 illo-

232 533 326 560 rum
363 519 571 560 societate
613 520 834 573 segregari
875 520 945 560 vix
985 521 1156 574 poterit.
1217 520 1366 574 Neque
1406 521 1546 575 ipsum
1578 521 1742 563 Madvi-

233 600 349 653 gium
397 599 636 641 sententiae
688 613 790 641 suae
840 603 1032 641 tenacem
1079 600 1192 652 fore,
1250 601 1383 642 verba
1433 615 1565 655 supra
1601 601 1743 655 posita

232 683 381 733 aperte
411 679 616 721 indicant.
677 680 744 721 Ita
775 680 855 721 hoc
883 683 1051 721 sextum
1083 694 1216 734 genus
1248 681 1530 722 omittendum
1560 681 1742 723 videtur.

348 760 607 811 Quintum
645 760 848 814 Madvigii
892 774 1065 814 genus
1107 760 1151 800 in
1193 760 1254 801 eis
1286 761 1492 815 exemplis
1532 765 1742 813 versatur,

237 839 392 893 quibus
423 840 487 881 rei
519 840 700 881 alicuius
731 840 880 881 dilatio
923 840 1177 881 continetur.
1239 839 1368 881 Cuius
1409 839 1627 881 dilationis
1659 841 1742 894 sig-

231 935 333 961 num
364 919 486 961 ‘mox'
519 924 561 961 et
591 920 713 974 ‘post'
745 920 987 974 particulae
1019 923 1118 961 sunt
1148 919 1400 973 saepissime
1430 919 1635 961 adiectae.
1696 920 1744 961 In

231 1000 313 1041 hoc
331 1013 486 1053 genere
509 999 765 1041 vindicando
782 1000 1022 1054 Madvigius
1040 1003 1087 1040 ut
1114 999 1389 1052 sagacissime
1411 1000 1475 1040 ita
1496 999 1742 1041 artificosis-

234 1081 339 1122 sime
376 1093 463 1121 rem
498 1080 669 1122 videtur
699 1081 960 1122 instituisse:
1002 1080 1076 1121 sed
1107 1080 1144 1120 si
1179 1080 1269 1121 eius
1300 1080 1513 1121 rationem
1544 1093 1743 1133 sequere-

231 1175 327 1202 mur
358 1161 513 1202 mirum
536 1163 660 1211 esset,
693 1160 807 1214 quod
838 1164 927 1201 tam
953 1174 1094 1214 pauca
1116 1160 1242 1201 huius
1273 1174 1376 1201 usus
1400 1159 1596 1213 exempla
1628 1160 1743 1213 apud

231 1240 431 1281 Plautum
491 1243 722 1282 exstarent.
793 1240 996 1294 Congessi
1039 1240 1157 1282 locos
1207 1240 1437 1294 plurimos,
1491 1254 1542 1281 ex
1587 1239 1743 1293 quibus

232 1320 508 1373 gravissimos
540 1320 735 1362 subicere
763 1320 903 1362 liceat.
937 1346 991 1350 —
1023 1320 1174 1374 Amph.
1210 1323 1274 1361 50.
1336 1320 1458 1361 Nunc
1492 1334 1621 1373 quam
1652 1333 1741 1361 rem

232 1404 400 1442 oratum
429 1400 514 1442 huc
545 1401 640 1442 veni
660 1401 847 1455 primum
868 1400 1124 1454 proloquar:
1156 1400 1259 1441 Post
1290 1404 1590 1454 argumentum
1615 1399 1742 1441 huius

232 1480 412 1534 eloquar
450 1480 712 1534 tragoediae.
745 1507 795 1511 —-
830 1480 933 1522 ibid.
976 1484 1028 1522 87
1036 1485 1071 1522 5.
1132 1480 1271 1522 Hodie
1302 1480 1627 1522 frustrationem
1664 1480 1742 1521 ini-

232 1560 341 1601 ciam
372 1574 630 1602 maxumam.
691 1561 795 1603 Post
824 1561 956 1614 igitur
987 1560 1158 1602 demum
1189 1560 1347 1602 faciam
1381 1574 1450 1602 res
1480 1560 1557 1601 fiat
1586 1559 1741 1614 palam.

232 1642 301 1682 As.
338 1644 428 1682 137.
455 1641 642 1682 Posthac
670 1641 750 1683 tibi
774 1640 887 1682 Male
921 1640 1036 1694 quod
1057 1644 1208 1695 potero
1241 1640 1397 1692 facere,
1429 1640 1598 1682 faciam.
1630 1641 1745 1694 (post

231 1724 310 1762 hac
339 1720 457 1775 libri)
489 1720 580 1762 ibid
625 1724 719 1764 915.
772 1721 901 1763 Poste
933 1721 1104 1763 demum
1133 1720 1218 1762 huc
1249 1735 1345 1763 cras
1378 1720 1602 1763 adducam.
1648 1719 1741 1762 Aul.

235 1804 327 1843 118.
376 1800 580 1843 Postidea
611 1801 784 1843 domum
815 1815 882 1843 me
908 1816 1079 1843 rursum
1111 1805 1319 1855 quantum
1340 1805 1493 1856 potero
1523 1801 1742 1855 recipiam.

231 1882 341 1935 (post
377 1885 482 1922 idem
514 1881 644 1936 libri).
696 1881 797 1923 ibid.
836 1886 931 1924 805.
992 1882 1149 1923 Postea
1191 1882 1304 1923 intro
1345 1882 1459 1923 hunc
1490 1880 1741 1934 subsequar.

233 1960 326 2002 Cas.
364 1964 456 2003 112.
498 1961 599 2003 Mox
714 1964 857 2003 tecum
885 1961 1051 2015 loquar.
1097 1961 1226 2003 Mero.
1261 1965 1354 2003 664.
1398 1961 1501 2002 Post
1531 1960 1586 2002 ad
1616 1974 1741 2015 prae-

231 2043 369 2083 torem
399 2041 498 2083 ilico
530 2041 614 2083 ibo.
675 2041 804 2083 Merc.
837 2045 930 2084 781.
992 2042 1111 2083 Haec
1149 2055 1252 2083 vasa
1292 2044 1368 2082 aut
1397 2054 1496 2083 mox
1528 2043 1603 2082 aut
1644 2054 1740 2082 cras

231 2120 390 2162 iubebo
445 2135 522 2175 aps
564 2125 608 2164 te
649 2123 751 2177 peti.
820 2122 947 2164 Poen.
1001 2125 1094 2164 398.
1164 2121 1265 2163 Mox
1307 2120 1430 2163 dabo.
1472 2120 1574 2162 ibid.
1619 2123 1740 2163 1230.

232 2200 388 2243 Postea
424 2201 536 2243 hanc
573 2201 727 2244 amabo
770 2206 901 2256 atque
943 2201 1211 2256 amplexabo.
1271 2201 1380 2243 Rud.
1423 2204 1488 2242 86.
1559 2201 1663 2242 Post
1697 2200 1741 2242 id

233 2294 359 2334 agam
385 2281 518 2335 igitur
549 2282 630 2335 (ita
645 2281 775 2336 libri).
806 2282 898 2324 ibid
922 2286 1016 2325 568.
1060 2282 1187 2324 Poste
1209 2281 1281 2323 ibo
1303 2281 1480 2322 lautum.
1511 2280 1614 2322 ibid.
1647 2284 1740 2323 648.

233 2360 436 2403 Postidea
477 2362 729 2403 accumbam
771 2363 933 2416 (postea
981 2361 1112 2416 libri).
1157 2361 1260 2403 ibid.
1303 2364 1397 2404 932.
1466 2360 1570 2402 Post
1611 2360 1741 2402 animi

234 2455 366 2483 causa
395 2441 499 2483 mihi
524 2455 675 2483 navem
706 2441 876 2483 faciam.
908 2467 964 2472 —
995 2441 1203 2496 Exemplo
1236 2455 1288 2483 ex
1309 2441 1442 2482 Persa
1472 2441 1608 2495 petito
1640 2445 1740 2492 (eqo

233 2528 345 2562 reete
376 2526 490 2572 apud
518 2525 625 2563 illam
659 2525 831 2572 dixero)
870 2535 1038 2576 oppono
1069 2521 1151 2563 hoc
1182 2521 1335 2575 (Persa
1375 2522 1498 2574 mm:
1546 2524 1652 2570 Quid
1678 2534 1740 2561 me

234 2604 272 2640 in
304 2605 367 2642 ‘ius
397 2608 544 2643 niveas?
604 2605 686 2643 SA.
751 2606 816 2643 Illi
843 2606 957 2652 apud
979 2610 1213 2652 praelorem
1242 2605 1383 2643 dicam.
1447 2601 1569 2651 Quod
1599 2600 1741 2654 pergit
