1862 3010
777 216 1033 253 *7,-

155 328 469 381 Responsiones
513 328 648 368 omnis
699 327 781 367 hoc
826 326 956 367 verbo
1003 326 1193 379 eripis.
1228 352 1277 356 —
1314 331 1380 368 45.
1423 330 1517 368 ibid.
1557 330 1657 369 686.

154 407 292 460 Euge,
339 410 511 460 optume
543 420 690 448 eccum
722 406 806 448 huc
836 405 1006 447 aedium
1038 405 1234 447 dominus
1266 406 1383 447 foras
1414 407 1529 447 Simo
1561 421 1658 460 pro-

154 486 346 540 greditur
373 486 503 540 ipsus.
543 486 645 528 huc
673 499 934 536 concessero,
976 486 1107 527 Dum
1146 485 1250 526 mihi
1282 488 1478 527 senatum
1510 486 1659 527 consili

153 566 195 606 in
234 579 307 607 cor
347 579 545 607 convoco.
576 590 632 597 —-
663 569 729 608 46.
762 569 857 607 ibid.
891 568 993 607 920.
1041 564 1179 607 Hodie
1211 565 1408 619 accipiat.
1469 566 1552 607 ΤΗ.
1592 567 1660 607 Ita

153 646 263 687 enim
285 659 404 687 vero:
441 659 493 686 ne
525 660 611 699 qua
642 659 773 688 causa
804 644 979 687 subsiet.
1026 644 1101 686 Vel
1131 644 1235 686 mihi
1267 645 1658 687 denumerato:

153 739 230 779 ego
262 725 323 766 illi
354 740 483 780 porro
517 730 847 767 demcmeravero.
871 728 1010 767 —47.
1043 727 1137 766 ibid.
1172 728 1305 767 1006.
1339 725 1458 767 Haut
1488 725 1659 779 postulo

153 806 316 860 edepol.
377 806 438 847 SI.
478 806 636 847 Verum
667 819 787 856 cras,
826 805 905 847 nisi
936 805 1032 858 quis
1062 805 1183 859 prius
1215 805 1444 847 Vocaverit
1474 820 1561 857 1116,
1594 805 1660 846 vel

151 890 258 941 aput
286 889 329 927 te
360 899 570 927 cenavero.
600 910 657 916 -
688 889 754 927 48.
783 888 877 927 ibid.
908 887 1038 934 1038,
1085 884 1194 926 Fiat.
1225 885 1311 926 TH.
1344 886 1660 938 Servorumque

153 981 327 1021 operam
370 969 413 1007 et
451 967 545 1007 lora
582 965 685 1006 mihi
727 965 843 1007 cedo.
905 965 966 1007 SI.
1010 965 1150 1007 Sume.
1210 965 1297 1006 TH.
1339 965 1541 1006 Eadem
1580 979 1658 1018 ego

153 1060 323 1101 opera
364 1046 472 1087 haec
511 1046 627 1087 intus
670 1044 749 1086 tibi
788 1059 1016 1086 narravero
1061 1046 1164 1096 Quis
1195 1059 1263 1086 me
1294 1044 1421 1087 hodie
1453 1045 1659 1099 exemplis

151 1126 222 1168 1116
253 1126 499 1168 ludificatus
530 1128 606 1167 est.
638 1149 694 1155 ——
725 1129 791 1167 49.
829 1128 924 1167 ibid.
956 1128 1083 1167 1102.
1146 1125 1386 1179 Surgedum
1417 1125 1527 1167 111116.
1561 1139 1659 1166 6611-

152 1207 335 1248 sulerest
367 1205 499 1259 igitur
530 1205 735 1259 quiddam
767 1204 882 1259 quod
911 1208 1054 1247 tecum
1086 1205 1192 1247 volo.
1253 1205 1336 1248 TR.
1381 1206 1472 1247 Sic
1515 1209 1660 1247 tamen

151 1286 251 1328 hinc
280 1285 502 1328 consilium
538 1290 708 1327 dedero:
743 1285 873 1327 nimio
905 1285 1002 1339 plus
1036 1285 1156 1339 sapio
1186 1285 1350 1327 sedens.
1382 1311 1438 1316 ——
1467 1288 1531 1327 50.
1563 1289 1658 1327 ibid.

153 1369 276 1408 1113.
325 1366 424 1407 Sine
457 1365 627 1407 medum
658 1366 769 1407 istuc
789 1365 993 1407 iudicare.
1032 1378 1217 1419 surge:
1250 1379 1328 1419 ego
1350 1365 1422 1407 isti
1444 1370 1658 1407 adsedem.

150 1472 205 1476 —
239 1449 303 1488 51.
344 1449 438 1487 ibid.
482 1448 608 1487 1172.
670 1445 816 1497 Mitte,
862 1459 1045 1499 quaeso,
1087 1445 1229 1487 istum.
1290 1445 1377 1488 TH.
1430 1445 1573 1499 (Illum
1612 1449 1661 1487 ut

150 1526 366 1580 mittam52)
406 1525 533 1567 viden
573 1529 622 1567 ut
655 1528 771 1567 astat
807 1525 1015 1568 furcifer?
1084 1525 1165 1568 CA.
1215 1525 1394 1575 Tranio,
1457 1525 1492 1566 si
1531 1526 1659 1580 sapis,

152 1606 336 1660 quiesce.
383 1606 470 1646 TH.
513 1605 577 1646 Tu
608 1605 779 1658 quiesce
810 1605 922 1647 hanc
942 1619 1033 1648 rem
1053 1605 1180 1647 modo
1202 1605 1375 1647 Petere:
1418 1619 1496 1660 ego
1526 1605 1658 1657 illum,

151 1690 199 1727 ut
230 1687 285 1727 sit
316 1686 498 1739 quietus,
530 1685 781 1727 verberibus
812 1689 1177 1738 subamara—52.
1210 1689 1351 1727 Persa.
1387 1688 1456 1727 49.
1490 1686 1658 1727 Amoris

150 1766 265 1817 vitio,
296 1779 381 1807 non
410 1778 504 1807 meo
527 1779 639 1807 nunc
661 1765 741 1807 tibi
762 1766 1006 1819 morologus
1028 1765 1096 1807 fio.
1128 1766 1206 1807 SA.
1240 1766 1295 1806 At
1318 1765 1391 1819 pol
1411 1779 1488 1819 ego
1515 1779 1592 1819 aps
1615 1769 1658 1807 te

151 1859 400 1887 concessero.
462 1845 544 1888 TO.
604 1845 750 1887 Iamne
794 1846 914 1887 abis?
965 1845 1073 1887 bene
1111 1844 1431 1887 6161161616-
1463 1848 1528 1887 53.
1561 1849 1655 1888 ibid.

151 1928 247 1967 135.
309 1925 413 1966 Tun'
444 1925 562 1967 illam
593 1925 783 1967 vendas?
843 1925 926 1968 TO.
966 1925 1099 1967 Immo
1136 1925 1267 1967 alium
1297 1929 1543 1977 adleqavero
1575 1926 1656 1977 Qui

150 2005 328 2056 vendat,
369 2005 442 2058 qui
482 2019 574 2047 esse
607 2019 652 2047 66
683 2005 958 2059 peregrinum
989 2005 1222 2060 praedicet.
1251 2031 1307 2035 -—
1337 2009 1402 2047 54.
1433 2008 1527 2047 ibid.
1559 2008 1656 2047 15¹5.

151 2085 229 2126 Aio
260 2085 486 2126 enimvero.
547 2086 629 2127 TO.
664 2085 775 2136 Quid
805 2099 883 2139 ego
917 2085 1005 2127 dixi
1018 2087 1037 2127 ⁴?
1092 2085 1212 2126 PAE.
1254 2085 1344 2138 Ego
1375 2088 1493 2126 recte
1524 2089 1659 2139 aput

149 2164 304 2206 illam
356 2168 514 2207 dixero.
556 2190 610 2195 —
652 2170 716 2208 55.
758 2168 853 2207 ibid.
905 2168 1004 2207 249.
1066 2164 1178 2216 Quid
1227 2165 1325 2206 istic
1374 2165 1657 2219 scriptumst?

151 2244 277 2285 quta
307 2248 461 2296 tecum,
495 2245 530 2286 si
560 2248 607 2286 tu
628 2245 778 2296 1166616,
809 2245 974 2287 nescio:
1006 2245 1098 2287 Nisi
1118 2244 1303 2286 fortasse
1326 2244 1486 2286 blanda
1513 2245 1657 2288 verba.

152 2327 217 2366 50.
258 2323 361 2365 Abi:
412 2327 455 2366 et
497 2338 575 2379 ego
616 2328 767 2367 abiero.
829 2325 949 2367 PAE.
991 2324 1189 2367 Ambula.
1224 2350 1273 2355 —
1308 2329 1373 2367 56.
1415 2328 1510 2367 ibid.
1556 2329 1655 2367 200.

151 2403 341 2444 Tandem
370 2407 419 2445 ut
446 2404 576 2446 liceat
611 2405 746 2456 Quom
778 2419 922 2446 servos
951 2405 1021 2456 sis,
1052 2418 1219 2446 servom
1249 2404 1329 2446 tibi
1360 2404 1472 2446 male
1502 2405 1656 2447 dicere.

152 2483 230 2524 SA.
256 2483 406 2524 Itane?
436 2487 594 2538 specta,
627 2484 765 2535 Quid
797 2489 948 2527 dedero
965 2486 977 2512 ¹
983 2491 1015 2536 ).
1050 2485 1170 2526 PAE.
1198 2484 1289 2526 Nil:
1318 2499 1417 2526 nam
1435 2485 1494 2526 nil
1510 2485 1656 2527 habes.

267 2655 298 2698 1)
325 2653 442 2690 Etiam
471 2653 540 2690 hoc
565 2654 766 2699 exemplum
792 2655 836 2690 ad
863 2655 1049 2691 enuntiata
1068 2655 1246 2700 simplicia
1266 2655 1404 2691 referre
1424 2666 1494 2691 non
1510 2655 1654 2690 dubito.
