1862 3010
794 203 1077 240 —22—

189 319 290 357 296.
352 316 472 356 Haec
513 318 560 356 tu
592 313 763 364 eadem,
804 313 837 354 si
881 313 1074 355 confiteri
1106 316 1187 362 vis,
1230 316 1306 354 tua
1348 327 1370 355 e
1402 326 1448 354 re
1473 313 1692 366 feceris1).

187 398 272 437 Mil.
312 398 412 437 297.
483 394 528 436 Si
569 394 678 435 salso
716 397 926 435 insimulas
963 393 1345 444 Philocomasium,
1385 393 1467 434 hoc
1497 395 1692 443 perieris.

188 479 272 517 Mil.
306 478 432 516 1243.
494 473 604 515 Nam
645 476 694 515 tu
731 476 774 515 te
813 473 939 514 vilem
976 472 1151 525 feceris,
1192 473 1228 514 si
1268 476 1311 514 te
1345 472 1459 514 ultro
1501 475 1694 524 lar-ydem.

187 559 305 596 Most.
337 557 437 596 210.
499 554 564 595 Tu
592 553 690 604 iam,
723 553 838 607 quod
865 552 1098 606 quaeritas,
1128 552 1276 604 habes,
1306 551 1379 593 ille
1401 555 1444 593 te
1474 551 1556 593 nisi
1586 566 1693 593 ama-

187 638 242 676 hit
271 634 408 685 ultro,
449 633 533 674 Pro
577 633 718 687 capite
757 636 832 674 tuo
864 635 1072 687 quantum
1104 632 1233 683 dedit,
1257 635 1496 683 perdiderit
1525 634 1695 673 tantum

188 713 367 767 argenti.
428 716 534 755 Rud.
566 716 663 755 179.
726 713 770 754 Si
802 712 857 754 ad
887 726 1050 763 saxum,
1083 725 1167 765 quo
1198 715 1387 762 capessit,
1418 725 1469 752 ea
1495 711 1694 752 deorsum

187 797 322 844 cadit,
362 776 603 835 Errationis
636 796 789 845 fecerit
827 791 1137 846 compendium.
1211 794 1320 833 Trin.
1363 793 1462 832 279.
1525 790 1694 832 Feceris

185 888 266 928 par
294 873 381 916 tuis
413 873 568 915 ceteris
609 872 755 924 sactis,
797 872 841 914 Si
871 875 1040 926 patrem
1067 870 1273 925 percoles.
1338 873 1456 912 Truc.
1491 873 1590 911 875.
1650 869 1695 911 Si

186 958 344 1006 aufer-5,
376 967 402 995 a
434 953 569 995 milite
599 953 735 994 omnis
767 956 858 994 tum
890 965 989 1005 spes
1021 951 1207 993 animam
1236 953 1447 1003 efflaverit.

896 1145 986 1199 §6-

299 1272 349 1313 In
393 1271 453 1313 eis
494 1284 605 1324 quae
644 1284 696 1312 ex
734 1269 859 1324 posui
897 1284 964 1311 me
1005 1269 1211 1310 causidici
1249 1269 1459 1310 rationem
1501 1273 1696 1311 secutum

188 1366 281 1394 esse
315 1366 399 1393 non
430 1350 632 1402 deerunt,
675 1350 747 1404 qui
780 1349 1064 1401 contendant,
1105 1363 1190 1390 non
1221 1349 1408 1391 diffiteor
1439 1363 1529 1390 rem
1558 1349 1621 1390 ita
1651 1363 1695 1391 se

186 1432 373 1484 habere,
421 1445 501 1472 nec
549 1430 787 1484 quidquam
834 1429 1151 1471 demonstrasse
1192 1443 1259 1470 me
1303 1432 1408 1484 puto
1460 1429 1542 1470 nisi
1591 1429 1695 1471 hoc:

187 1511 455 1565 Madvigii
496 1510 772 1552 rationem
814 1509 1248 1563 haudquaquam
1280 1522 1401 1550 esse
1430 1522 1696 1550 necessa-

188 1592 349 1643 riam,
391 1591 426 1632 si
469 1589 641 1644 quidem
679 1589 859 1643 triginta
900 1589 1089 1643 quinque
1128 1588 1324 1643 exempla
1367 1602 1531 1630 meram
1561 1588 1696 1630 futuri

187 1672 272 1713 vim
314 1670 518 1712 exhibere
557 1670 650 1724 ipse
690 1670 855 1711 statuit.
917 1669 1000 1711 Sed
1040 1683 1169 1723 porro
1209 1668 1572 1723 progrediendum
1603 1682 1696 1710 esse

188 1754 293 1805 puto
326 1754 369 1792 et
398 1763 508 1804 nego
538 1749 658 1791 illam
688 1749 901 1791 rationem
932 1749 999 1790 vel
1027 1734 1388 1803 probabilem
1429 1762 1532 1790 esse.
1593 1749 1696 1790 Pro-

187 1831 432 1872 ficiscamur
464 1829 518 1871 ab
548 1829 770 1871 enuntiato
800 1829 904 1871 hoc:
937 1832 1024 1881 qu
1049 1834 1207 1881 fecero.
1269 1829 1314 1870 Si
1345 1828 1572 1870 scribimus
1604 1831 1697 1869 ‘iam

190 1925 263 1963 eqo
288 1914 447 1962 fecero'
479 1924 531 1951 ex
559 1909 765 1963 Madvigii
795 1909 992 1950 doctrina
1024 1912 1099 1950 aut
1130 1908 1364 1950 celeritatis
1395 1912 1470 1949 aut
1499 1908 1696 1949 minatio-

189 1990 255 2031 nis
287 1993 363 2031 aut
391 1989 685 2044 promissionis
716 1989 800 2030 vim
828 1988 978 2041 habet3
1008 1989 1043 2029 si
1074 1988 1300 2030 scribimus
1331 1991 1502 2029 ‘interim
1533 1991 1608 2028 hoc
1630 1992 1694 2039 fe-

189 2069 296 2111 cero'
324 2069 466 2111 animo
492 2069 747 2111 observatur
778 2068 971 2110 ‘actionis
999 2068 1114 2109 intra
1143 2068 1349 2122 temporis
1381 2067 1567 2121 spatium
1598 2080 1696 2108 con-

189 2150 332 2192 clusae
362 2149 459 2191 finis
489 2152 531 2191 et
558 2148 738 2191 ulterius
765 2148 969 2203 tempus'3
1001 2148 1036 2190 si
1054 2147 1279 2189 scribimus
1304 2151 1408 2188 ‘mox
1439 2161 1512 2198 eqo
1537 2146 1695 2198 fecero'

286 2345 316 2387 1)
342 2343 505 2386 Quocum
524 2343 743 2378 conferenda
771 2348 854 2378 sunt
868 2343 976 2377 haec:
1004 2342 1108 2376 Curc.
1134 2342 1212 2376 664.
1254 2340 1347 2383 Quid
1370 2340 1494 2376 dotis?
1542 2341 1696 2384 Egone?

190 2406 229 2437 ut
253 2411 394 2445 semper
419 2400 500 2435 dum
524 2400 620 2435 vivat
652 2410 711 2434 me
737 2400 822 2435 alat.
871 2399 974 2434 Ultro
1009 2399 1130 2433 hercle
1165 2398 1269 2433 dico:
1303 2409 1358 2432 me
1385 2398 1531 2432 lubente
1556 2396 1696 2431 feceris.

191 2458 303 2492 Stich.
330 2459 408 2492 473.
459 2457 640 2500 Promitte,
667 2460 851 2492 certumst.
898 2457 955 2490 Sic
981 2456 1059 2490 face
1091 2456 1249 2500 inquam.
1300 2455 1406 2490 Certa
1437 2465 1508 2489 ros.
1532 2454 1698 2489 Lubente

189 2524 245 2549 me
269 2514 392 2549 hercle
415 2514 540 2549 facies.
590 2514 685 2549 Idem
710 2524 775 2558 ego
795 2514 889 2549 istuc
909 2513 994 2548 scio.
1045 2512 1173 2556 Amph.
1200 2514 1276 2546 847.
1327 2513 1469 2555 Mulier,
1494 2511 1597 2545 istam
1622 2521 1697 2545 rem

189 2571 397 2615 inquisitam
420 2574 590 2607 certumst
609 2582 681 2606 nou
702 2571 876 2606 amittere.
913 2570 1057 2615 Edepol
1078 2581 1133 2605 me
1155 2570 1302 2605 lubente
1324 2569 1446 2604 facies
1497 2567 1588 2612 Quid
1610 2568 1695 2603 ais?

190 2629 371 2674 responde
396 2629 493 2663 mihi.
